2624 5108
151 847 215 914 130
336 905 338 909 ,
384 839 426 911 In
451 838 636 913 Ulrichum
660 839 910 938 Wirtenberg.

144 1053 308 1095 connexus
319 1031 398 1108 luit,
416 1031 573 1095 neminem
585 1033 641 1116 qui
652 1043 706 1094 aut
716 1033 831 1116 gratia,
848 1042 902 1095 aut
914 1032 1094 1115 eloquentia
1104 1033 1162 1098 alb

143 1133 220 1215 quid
230 1145 353 1214 posset,
374 1132 486 1215 juvare
500 1135 583 1195 hunc
598 1133 638 1196 ad
650 1134 816 1198 dicendam
825 1152 951 1196 eausam
961 1131 1161 1215 prohibuisti.

144 1234 250 1315 Atque
276 1235 336 1295 hoc
357 1245 389 1297 tc
407 1234 513 1297 decuit
536 1231 687 1314 jamtum
705 1234 747 1310 t³).
792 1233 1073 1296 Nunc'ridcndum
1094 1222 1160 1311 est,

143 1356 183 1397 ne
207 1335 234 1398 si
252 1334 354 1397 minus
372 1333 498 1395 sortiter
520 1333 692 1414 judicatum
711 1333 769 1408 sit,
801 1345 836 1397 tu
859 1334 948 1397 tame
970 1334 1161 1412 discrimen,

143 1456 202 1499 nos
226 1434 416 1513 periculum,
447 1433 565 1514 publici
584 1454 689 1497 mores
713 1432 864 1515 jacturam
887 1434 1010 1497 adeant.
1059 1438 1163 1517 Quam

142 1535 290 1619 pestilens
318 1532 402 1594 enim
423 1533 622 1614 propositum
644 1534 732 1597 malis
755 1536 934 1614 exemplum
953 1535 1029 1609 erit3
1067 1556 1164 1619 quam

139 1635 253 1715 multos
285 1633 323 1694 ad
355 1652 390 1694 se
420 1635 522 1695 trahet
547 1634 613 1695 hec
635 1632 824 1714 impunitas?
862 1634 964 1715 Quod·
987 1637 1039 1697 vel
1064 1658 1164 1699 unum

141 1733 214 1795 ratis
234 1744 317 1809 erat,
339 1732 509 1809 Gennani,
531 1733 621 1816 quod
637 1753 696 1796 vos
714 1732 884 1808 excitaret,
905 1734 995 1819 quod
1007 1734 1162 1817 oeqrritatia

141 1833 444 1909 commonefaceret,
472 1844 507 1895 ut
521 1834 601 1895 hanc
621 1831 745 1895 interim
767 1832 873 1897 sileam
890 1810 1045 1913 pulfflm
1062 1833 1163 1914 turpi·

141 1933 291 1996 tudinem.
329 1933 394 1996 Per
423 1954 483 1996 vos
512 1934 596 1998 enim
623 1934 694 2008 fiet,
724 1944 761 1995 ut
781 1954 819 1996 ea
843 1933 970 1996 audiant
989 1934 1163 2011 Germani,

142 2055 211 2116 qua
234 2055 328 2096 nemo
355 2033 452 2096 hostis
478 2032 553 2095 buie
580 2032 702 2095 nationi
724 2031 843 2115 objecit
858 2054 1008 2118 unquam.
1045 2033 1167 2098 lterum

140 2155 276 2217 namque
289 2134 329 2196 ad
342 2135 421 2196 hanc
437 2132 768 2196 commemorationem
780 2135 887 2200 trahor
897 2182 906 2211 ,
915 2134 1024 2218 'magis
1035 2133 1165 2216 lugien-

140 2233 216 2297 dum
225 2235 383 2310 dedecus,
404 2252 499 2317 quam
510 2232 673 2295 vitandum
684 2234 860 2314 periculum
872 2245 997 2316 putant.
1034 2233 1164 2315 Integra

141 2334 238 2414 igitur
253 2356 377 2417 semper
394 2336 625 2397 Germanorum
640 2336 829 2401 existimatio
845 2335 922 2410 tuit,
941 2355 1001 2398 roe
1010 2335 1165 2416 probrum

141 2436 335 2498 admittetis?
364 2458 422 2500 vos
446 2438 586 2500 dedecus
613 2436 855 2516 comparabitis?
886 2439 930 2499 Et
949 2437 1033 2498 branc
1055 2435 1164 2496 feretis

142 2536 331 2617 principem,
361 2537 424 2600 imo
444 2539 553 2602 scretis
572 2539 698 2613 vivum,
731 2549 763 2599 et
784 2536 867 2599 inter
885 2536 1045 2610 hommes,
1075 2547 1112 2597 ut
1132 2535 1165 2597 in

141 2639 211 2698 lucc
239 2640 350 2699 coelum
380 2640 535 2720 aspiciat?
572 2638 660 2713 Vos,
690 2637 836 2719 inquam,
860 2656 927 2697 non
955 2634 1031 2696 lorti
1060 2634 1166 2716 aliqua

143 2739 297 2800 sententia
312 2736 523 2817 proscindetis
539 2737 633 2816 hujus
650 2736 762 2811 vitam,
782 2747 830 2797 tot
844 2733 945 2809 vitiis,
971 2732 1164 2816 flagitiisque

144 2834 360 2917 conjunctam,
382 2838 520 2899 onmium
530 2837 591 2917 jam
605 2836 727 2917 pridem
740 2836 899 2897 uoluntate
911 2834 1084 2896 damnatam
1094 2833 1167 2908 lid?

143 2935 206 2999 Cui
226 2937 301 2997 nihil
321 2938 473 3011 clausum,
503 2947 684 3000 salictumve
702 2935 786 2997 luit?
817 2934 967 3018 Denique
985 2936 1046 2997 hoc
1061 2935 1164 3013 Impe-

143 3045 248 3096 ratore
264 3036 351 3112 aare),
370 3035 417 3097 his
435 3036 631 3119 principibus
652 3056 724 3115 spes
739 3034 812 3095 huic
830 3033 943 3108 luerit,
971 3045 1058 3096 tanto
1080 3054 1165 3096 com-

144 3134 239 3197 misso
262 3137 397 3211 scelere,
433 3146 495 3199 tam
519 3136 642 3199 nelarie
662 3143 842 3217 perpetrato
865 3133 1008 3197 facinore
1029 3134 1165 3215 impuni-

142 3246 237 3297 tatem
257 3237 435 3320 consequi?
475 3239 543 3299 lmo
564 3224 679 3298 fidu&
697 3232 866 3296 accesserit
885 3233 977 3297 armis
996 3236 1164 3296 adversum

143 3357 202 3398 nos
217 3338 379 3417 experiri?
399 3337 436 3398 ln
448 3359 483 3399 re
498 3346 598 3410 tanta,
619 3335 653 3396 in
670 3332 785 3414 injuria
802 3344 864 3394 tam
878 3333 990 3395 acerba
1007 3333 1163 3412 judicium

144 3436 307 3498 defuerit?
345 3434 412 3495 Nisi
431 3446 535 3496 tantus
555 3446 637 3498 esset
656 3436 764 3508 dolor,
792 3443 828 3494 ut
843 3431 1029 3495 dissimulari
1045 3434 1165 3515 nollet,

144 3534 294 3615 equidem
315 3536 405 3595 vultu
429 3544 557 3616 tegere,
591 3545 644 3597 aut
662 3533 870 3595 taciturnitate
888 3534 1007 3607 celare,
1039 3552 1105 3614 quo
1124 3555 1166 3596 ne

146 3631 195 3693 isti
222 3645 344 3714 gratrmr
372 3653 430 3712 per
458 3653 508 3694 me
532 3636 604 3709 fiat,
636 3653 795 3713 cuperem.
854 3632 917 3695 Sed
942 3653 1003 3694 nec
1028 3633 1165 3695 obscure

40 3810 46 3817 .
147 3733 240 3815 queri
257 3731 347 3804 licet,
375 3742 407 3793 et
427 3733 485 3796 iste
511 3734 653 3795 dolentes
676 3752 736 3795 nos
759 3732 878 3808 illudit,
907 3743 939 3794 et
959 3752 1019 3794 voa
1043 3730 1163 3812 judicio

146 3830 273 3893 deestis.
318 3831 370 3893 Sic
395 3833 465 3908 fiet,
501 3844 536 3895 ut
561 3834 594 3896 in
619 3830 828 3894 laudatissima
858 3833 1033 3895 Germaniae
1058 3845 1162 3914 parte,

146 3931 346 3993 Germaniam
362 3952 546 4015 qnaernnus.
585 3933 670 4012 Quid
685 3933 769 3994 enim
783 3931 905 4012 potius,
927 3955 1022 4017 quam
1034 3945 1104 3997 nata
1121 3954 1163 3997 ex

146 4032 207 4094 hoc
228 4032 378 4115 prodigio
402 4035 537 4107 scelera,
555 4031 600 4093 'in
626 4034 686 4093 hoc
709 4044 893 4113 consumpta
911 4054 980 4096 esse
1003 4035 1162 4115 oportuit,

147 4152 254 4214 quone
267 4132 356 4208 Μ’)
377 4132 466 4193 latius
480 4129 557 4193 illud
571 4143 715 4212 serperet
727 4133 918 4214 exemplum.
958 4137 1060 4216 Quam
1074 4136 1165 4197 multi

147 4274 339 4290 *—

182 4358 212 4426 *)
227 4371 281 4417 jum
300 4377 367 4426 tram,
387 4371 449 4416 uite.
486 4359 532 4428 ⁸⁴)
553 4370 711 4429 damnatam,
731 4372 871 4419 dannatum.
914 4362 976 4425 Ψ)
993 4373 1149 4431 Imperatore
1156 4404 1164 4431 ,

182 4451 272 4499 (letare
294 4451 464 4498 maximiliano.
500 4444 575 4508 W)
591 4469 688 4513 quoue,
707 4468 794 4513 querc.
