2624 5108
519 869 644 945 Oratio
667 868 798 943 Prima.
1114 875 1182 956 75·

156 1068 275 1143 fuerat,
295 1065 420 1129 ultionis
440 1065 545 1127 studio
565 1064 689 1131 adfecit.
726 1066 830 1127 Porro
849 1074 884 1125 tn
896 1064 1160 1147 Brunsniqr'orum

154 1170 221 1233 dux
238 1179 293 1233 Pte·
314 1165 550 1245 appellationem
575 1166 699 1245 accipe,
733 1164 872 1229 omnium
897 1185 1070 1239 consensu,
1102 1177 1158 1229 tuo

154 1268 293 1331 maximo
311 1266 432 1329 merito.
476 1265 645 1329 ostendisti
672 1263 754 1327 enim
778 1266 830 1327 illo
857 1277 999 1346 temporo
1024 1264 1080 1347 qui
1105 1265 1158 1341 sis,

156 1388 218 1430 nec
237 1386 330 1451 quem
347 1365 381 1427 in
399 1365 481 1441 vita,
510 1375 545 1427 ut
563 1364 640 1425 honi
658 1384 782 1440 onmes,
808 1385 983 1437 amaveras,
1008 1364 1040 1426 in
1058 1376 1159 1427 morte

158 1485 288 1550 quoque
315 1464 441 1528 soluisti
466 1466 623 1529 deserere.
671 1464 826 1529 Sustulisti
850 1463 1005 1528 interfecti
1033 1484 1159 1546 corpus,

157 1580 190 1633 et
208 1571 379 1646 raconem
397 1568 558 1646 sepulture
577 1564 738 1629 maridasti.
773 1567 868 1628 Hunc
886 1572 1160 1649 praetereundo:

154 1678 273 1742 vicum,
294 1666 351 1749 qui
363 1666 487 1729 frauem
497 1665 710 1748 exspectabat,
731 1666 894 1741 monuisti,
915 1686 980 1749 quo
993 1684 1033 1726 ne
1047 1674 1077 1726 ot
1092 1663 1159 1744 ipse

149 1778 313 1853 pateretur
335 1765 468 1847 aliquid,
494 1766 659 1845 repentino
680 1766 766 1828 abitu
782 1766 873 1829 saluti
889 1787 952 1829 suae
971 1766 1159 1829 consuleret.

151 1872 254 1948 Quam
277 1877 362 1935 tuam
389 1864 561 1931 bonitatem
585 1865 655 1949 (pris
680 1867 776 1947 (ligne
801 1886 939 1948 unquam
963 1862 1160 1931 laudaverit?

151 1972 219 2035 Ant
237 1988 305 2050 quse
324 1965 489 2049 posteritas
507 1964 619 2029 merito
640 1966 868 2031 commendabit
889 1965 1075 2047 praeconio?
1107 1964 1160 2027 'tn

151 2087 228 2133 vere
246 2064 325 2129 Pius
343 2087 395 2141 ea,
425 2077 458 2127 et
480 2064 542 2129 dici
560 2066 708 2143 mereris,
737 2088 803 2129 non
821 2065 978 2149 indignius
998 2086 1092 2149 qnam
1109 2063 1160 2127 ille

153 2173 377 2247 Verqr‘lianns,
395 2163 452 2247 qui
464 2175 583 2245 patrem
594 2166 730 2231 humeris
741 2167 812 2231 fert.
841 2168 920 2231 Nam
932 2178 964 2229 et
977 2176 1010 2229 tn
1024 2164 1159 2233 maximo

153 2262 293 2344 perinde
307 2264 373 2341 (cui
390 2265 473 2331 errim
487 2265 661 2347 perieulum
676 2287 741 2328 riou
756 2278 822 2343 erat
837 2269 895 2329 tale
910 2265 1027 2352 aliquid
1041 2265 1158 2337 lacere,

155 2373 321 2445 postquam
342 2365 392 2427 ille
416 2369 511 2431 semel
530 2367 637 2431 farrato
657 2367 813 2447 coepisset)
832 2366 989 2440 maximo,
1022 2362 1158 2445 irttpranr,

154 2473 212 2525 tuo
228 2463 383 2542 periculo,
403 2464 434 2529 in
447 2484 549 2548 regno
565 2465 722 2531 senissimi
735 2466 890 2544 Tyranni,
906 2465 999 2527 bonis
1015 2461 1159 2525 orantibus

151 2561 276 2639 infesti,
295 2563 376 2631 iutra
389 2567 564 2629 horrendos
583 2565 764 2629 insidiarum
782 2564 909 2641 limites,
932 2565 965 2627 in
981 2564 1050 2645 ipso
1066 2560 1158 2643 hujus

151 2662 335 2727 carrrilicinn
362 2666 453 2740 loeo,
484 2676 545 2729 tam
573 2668 660 2748 prius
687 2667 939 2749 pertimescendis
964 2663 1158 2733 facinoribus

152 2761 307 2839 monitus,
336 2775 398 2829 tarn
418 2763 489 2827 diro
514 2768 658 2847 exemplo
684 2766 805 2835 cautior
830 2766 950 2843 factus,
980 2786 1021 2831 ne
1041 2777 1158 2833 temere
1184 2795 1190 2806 ·

148 2861 220 2943 pius
232 2866 371 2943 esset),
391 2864 466 2929 nihil
478 2866 602 2929 territus
611 2912 621 2943 ,
638 2881 762 2947 aperte,
781 2879 812 2931 et
827 2889 868 2931 ex
882 2866 1028 2933 consenc
1051 2865 1157 2928 aniles.

134 2962 203 3047 „Dii
229 2974 260 3025 te
288 2977 434 3041 servent,
470 2965 552 3029 Pie!
585 2988 620 3029 ac
646 2967 765 3044 faxint,
796 2967 915 3051 nequid
941 2989 1080 3052 unquam
1106 2977 1159 3027 tua

148 3063 314 3147 indignum
325 3065 464 3133 bonitate
478 3066 571 3129 feras.
608 3067 672 3129 Sed
687 3078 754 3129 tuas
770 3068 878 3133 landos
893 3069 925 3129 in
939 3068 1022 3131 alind
1037 3079 1158 3148 tempus

147 3182 298 3239 murro,
316 3186 401 3231 nune
415 3186 487 3233 cum
502 3166 616 3229 ansuis
630 3166 771 3245 lacrymis
787 3179 896 3229 nostro
912 3169 1023 3229 dolore
1035 3188 1158 3229 maneo.

146 3261 204 3327 Sic
220 3263 415 3340 confectum,
436 3265 481 3328 sic
499 3268 664 3331 laceratum
681 3288 814 3348 eorpus,
831 3266 1033 3349 poscentibus
1052 3264 1156 3338 nobis,

144 3374 184 3429 tat
211 3364 313 3447 patrio
340 3367 507 3445 sepulchro
538 3387 820 3448 componeremus,
856 3377 1003 3447 rregatum
1027 3375 1096 3443 est,
1127 3373 1159 3421 et

143 3462 252 3543 refodi
271 3463 420 3540 vetitum,
445 3485 511 3551 qno
536 3486 577 3527 ne
603 3479 727 3531 mortuo
754 3467 883 3549 quidem
907 3465 1102 3538 frueremur,
1127 3473 1158 3522 et

132 3562 226 3631 ttius
242 3564 339 3629 toties
359 3565 521 3642 confossi,
547 3567 640 3628 toties
659 3567 830 3647 perempti,
856 3567 969 3633 lilanes
987 3568 1048 3630 hoc
1067 3565 1158 3627 etiam

147 3668 288 3733 &arerent
306 3665 438 3741 solatio,
467 3677 507 3755 nt¹
529 3667 564 3731 in
585 3666 684 3747 patria
710 3667 925 3749 quiescerent,
951 3678 1061 3729 contra
1082 3687 1157 3728 vero

144 3765 239 3831 morti
263 3767 484 3833 crudelissime
507 3770 573 3841 hec
591 3767 758 3829 adderetur
784 3766 954 3841 acerbitas,
984 3779 1019 3829 ut
1037 3764 1080 3827 ibi
1100 3786 1158 3845 pu·

143 3877 297 3939 tameeret
316 3887 450 3948 corpus,
468 3866 524 3929 ubi
543 3866 683 3941 infensa,
704 3877 737 3926 et
748 3865 908 3946 implacata
922 3866 1027 3935 omnia
1043 3885 1156 3946 esper·
1216 3938 1220 3945 ι

142 3978 314 4035 tumeaset.
323 3970 395 4049 Qua
403 3967 482 4032 illins
495 3968 651 4049 impietate
660 4013 669 4042 ,
678 3987 744 4028 non
755 3964 817 4047 jam
825 3963 901 4047 quid
909 3962 1092 4037 Germania,
1100 3962 1156 4024 sed

144 4066 227 4149 quid
237 4068 441 4152 nllansquam
455 4068 541 4131 natio
551 4069 656 4131 tulerit
673 4066 837 4140 immitius,
852 4062 1072 4145 asperiusque,
1090 4081 1156 4123 non

141 4168 303 4247 comperi,
321 4189 382 4231 nec
394 4168 470 4251 quid
483 4167 627 4249 priorum
640 4179 816 4250 temporum
831 4163 964 4228 historiae
977 4160 1155 4235 contineant

141 4266 255 4330 video.
294 4266 399 4331 Curru
418 4269 528 4351 aliquis
548 4268 701 4352 perempti
720 4263 1035 4348 corpus-resupinum
1052 4258 1157 4335 traxit,

141 4366 265 4449 petenti
285 4378 386 4431 tamen
411 4368 509 4453 patri,
541 4381 572 4432 et
592 4370 622 4434 ei
642 4370 770 4455 quidem
787 4368 884 4443 hosti,
913 4362 1059 4428 reddidit.
1096 4364 1157 4429 Hic

175 4532 207 4603 ⁹)
228 4556 311 4602 asses,
329 4545 369 4592 sis.
