<?xml version="1.0" encoding="UTF-8"?>
<!DOCTYPE html PUBLIC "-//W3C//DTD XHTML 1.0 Transitional//EN"
    "http://www.w3.org/TR/xhtml1/DTD/xhtml1-transitional.dtd">
<html xmlns="http://www.w3.org/1999/xhtml" xml:lang="en" lang="en">
 <head>
  <title>
</title>
<meta http-equiv="Content-Type" content="text/html;charset=utf-8" />
  <meta name='ocr-system' content='tesseract 3.04.00' />
  <meta name='ocr-capabilities' content='ocr_page ocr_carea ocr_par ocr_line ocrx_word'/>
</head>
<body>
  <div class='ocr_page' id='page_1' title='image "./ulrichiabhutten03mngoog_0108.png"; bbox 0 0 2624 5108; ppageno 0'>
   <div class='ocr_carea' id='block_1_1' title="bbox 498 872 1175 954">
    <p class='ocr_par' dir='ltr' id='par_1_1' title="bbox 498 872 1175 954">
     <span class='ocr_line' id='line_1_1' title="bbox 498 872 1175 954; baseline -0.007 -7"><span class='ocrx_word' id='word_1_1' title='bbox 498 872 627 947; x_wconf 77' lang='lat' dir='ltr'>Oratio</span> <span class='ocrx_word' id='word_1_2' title='bbox 654 872 828 946; x_wconf 83' lang='lat' dir='ltr'>Secunda.</span> <span class='ocrx_word' id='word_1_3' title='bbox 1130 882 1175 954; x_wconf 77' lang='lat'>95</span> 
     </span>
    </p>
   </div>
   <div class='ocr_carea' id='block_1_2' title="bbox 140 1064 1176 4360">
    <p class='ocr_par' dir='ltr' id='par_1_2' title="bbox 140 1064 1176 4360">
     <span class='ocr_line' id='line_1_2' title="bbox 159 1064 1174 1152; baseline -0.001 -19"><span class='ocrx_word' id='word_1_4' title='bbox 159 1070 241 1133; x_wconf 78' lang='lat' dir='ltr'>sinus</span> <span class='ocrx_word' id='word_1_5' title='bbox 271 1067 398 1142; x_wconf 83' lang='lat' dir='ltr'>matris,</span> <span class='ocrx_word' id='word_1_6' title='bbox 435 1064 680 1131; x_wconf 80' lang='lat' dir='ltr'>fortissimonrm</span> <span class='ocrx_word' id='word_1_7' title='bbox 707 1066 839 1131; x_wconf 78' lang='lat' dir='ltr'><strong>fratrum</strong></span> <span class='ocrx_word' id='word_1_8' title='bbox 861 1068 997 1131; x_wconf 80' lang='lat' dir='ltr'>lraesuras</span> <span class='ocrx_word' id='word_1_9' title='bbox 1023 1067 1174 1152; x_wconf 85' lang='lat' dir='ltr'>principia</span> 
     </span>
     <span class='ocr_line' id='line_1_3' title="bbox 156 1166 1176 1253; baseline 0.003 -21"><span class='ocrx_word' id='word_1_10' title='bbox 156 1168 289 1232; x_wconf 77' lang='lat' dir='ltr'>lorminae</span> <span class='ocrx_word' id='word_1_11' title='bbox 310 1168 452 1250; x_wconf 76' lang='lat' dir='ltr'>querelas</span> <span class='ocrx_word' id='word_1_12' title='bbox 468 1166 586 1243; x_wconf 75' lang='lat' dir='ltr'>luisse,</span> <span class='ocrx_word' id='word_1_13' title='bbox 614 1169 702 1251; x_wconf 81' lang='lat' dir='ltr'>qnod</span> <span class='ocrx_word' id='word_1_14' title='bbox 718 1189 811 1230; x_wconf 84' lang='lat' dir='ltr'>nemo</span> <span class='ocrx_word' id='word_1_15' title='bbox 828 1179 943 1231; x_wconf 86' lang='lat' dir='ltr'>tantam</span> <span class='ocrx_word' id='word_1_16' title='bbox 958 1170 1039 1231; x_wconf 90' lang='lat' dir='ltr'>hanc</span> <span class='ocrx_word' id='word_1_17' title='bbox 1057 1171 1176 1253; x_wconf 90' lang='lat' dir='ltr'>asperi·</span> 
     </span>
     <span class='ocr_line' id='line_1_4' title="bbox 156 1266 1174 1343; baseline 0.005 -12"><span class='ocrx_word' id='word_1_18' title='bbox 156 1269 300 1333; x_wconf 79' lang='lat' dir='ltr'>tudinem</span> <span class='ocrx_word' id='word_1_19' title='bbox 326 1266 474 1343; x_wconf 87' lang='lat' dir='ltr'>credidit,</span> <span class='ocrx_word' id='word_1_20' title='bbox 510 1268 614 1331; x_wconf 88' lang='lat' dir='ltr'>donec</span> <span class='ocrx_word' id='word_1_21' title='bbox 639 1267 764 1330; x_wconf 76' lang='lat' dir='ltr'>aliunde</span> <span class='ocrx_word' id='word_1_22' title='bbox 786 1269 1010 1332; x_wconf 80' lang='lat' dir='ltr'>documentum</span> <span class='ocrx_word' id='word_1_23' title='bbox 1032 1273 1174 1336; x_wconf 83' lang='lat' dir='ltr'>accessit.</span> 
     </span>
     <span class='ocr_line' id='line_1_5' title="bbox 157 1349 1174 1453; baseline 0.002 -22"><span class='ocrx_word' id='word_1_24' title='bbox 157 1366 293 1449; x_wconf 82' lang='lat' dir='ltr'>Quoties</span> <span class='ocrx_word' id='word_1_25' title='bbox 309 1366 391 1431; x_wconf 87' lang='lat' dir='ltr'>enim</span> <span class='ocrx_word' id='word_1_26' title='bbox 406 1366 459 1431; x_wconf 86' lang='lat' dir='ltr'>illa</span> <span class='ocrx_word' id='word_1_27' title='bbox 475 1368 583 1444; x_wconf 87' lang='lat' dir='ltr'>matri,</span> <span class='ocrx_word' id='word_1_28' title='bbox 612 1349 738 1451; x_wconf 77' lang='lat' dir='ltr'>quoticri</span> <span class='ocrx_word' id='word_1_29' title='bbox 752 1368 902 1432; x_wconf 82' lang='lat' dir='ltr'>fratribus</span> <span class='ocrx_word' id='word_1_30' title='bbox 922 1372 1001 1433; x_wconf 87' lang='lat' dir='ltr'>flens</span> <span class='ocrx_word' id='word_1_31' title='bbox 1020 1390 1057 1433; x_wconf 87' lang='lat' dir='ltr'>ac</span> <span class='ocrx_word' id='word_1_32' title='bbox 1072 1372 1174 1453; x_wconf 83' lang='lat' dir='ltr'>lacry-</span> 
     </span>
     <span class='ocr_line' id='line_1_6' title="bbox 158 1450 1173 1556; baseline 0.002 -25"><span class='ocrx_word' id='word_1_33' title='bbox 158 1490 247 1533; x_wconf 87' lang='lat' dir='ltr'>mans</span> <span class='ocrx_word' id='word_1_34' title='bbox 266 1478 377 1552; x_wconf 88' lang='lat' dir='ltr'>questa</span> <span class='ocrx_word' id='word_1_35' title='bbox 392 1478 458 1543; x_wconf 85' lang='lat' dir='ltr'>est,</span> <span class='ocrx_word' id='word_1_36' title='bbox 486 1488 523 1531; x_wconf 81' lang='lat' dir='ltr'>ea</span> <span class='ocrx_word' id='word_1_37' title='bbox 540 1488 575 1530; x_wconf 89' lang='lat' dir='ltr'>se</span> <span class='ocrx_word' id='word_1_38' title='bbox 596 1470 680 1550; x_wconf 85' lang='lat' dir='ltr'>apud</span> <span class='ocrx_word' id='word_1_39' title='bbox 698 1469 792 1533; x_wconf 88' lang='lat' dir='ltr'>istum</span> <span class='ocrx_word' id='word_1_40' title='bbox 807 1471 947 1551; x_wconf 75' lang='lat' dir='ltr'>perpeti,</span> <span class='ocrx_word' id='word_1_41' title='bbox 965 1491 1035 1556; x_wconf 86' lang='lat' dir='ltr'>quse</span> <span class='ocrx_word' id='word_1_42' title='bbox 1053 1450 1173 1535; x_wconf 82' lang='lat' dir='ltr'>diirtius</span> 
     </span>
     <span class='ocr_line' id='line_1_7' title="bbox 157 1566 1173 1657; baseline 0.004 -26"><span class='ocrx_word' id='word_1_43' title='bbox 157 1570 245 1632; x_wconf 87' lang='lat' dir='ltr'>serre</span> <span class='ocrx_word' id='word_1_44' title='bbox 269 1589 337 1631; x_wconf 93' lang='lat' dir='ltr'>non</span> <span class='ocrx_word' id='word_1_45' title='bbox 361 1570 481 1651; x_wconf 88' lang='lat' dir='ltr'>possit,</span> <span class='ocrx_word' id='word_1_46' title='bbox 510 1569 555 1631; x_wconf 88' lang='lat' dir='ltr'>sic</span> <span class='ocrx_word' id='word_1_47' title='bbox 581 1570 620 1631; x_wconf 88' lang='lat' dir='ltr'>ab</span> <span class='ocrx_word' id='word_1_48' title='bbox 644 1566 697 1631; x_wconf 91' lang='lat' dir='ltr'>illo</span> <span class='ocrx_word' id='word_1_49' title='bbox 716 1570 860 1647; x_wconf 86' lang='lat' dir='ltr'>tractari,</span> <span class='ocrx_word' id='word_1_50' title='bbox 891 1583 928 1633; x_wconf 89' lang='lat' dir='ltr'>ut</span> <span class='ocrx_word' id='word_1_51' title='bbox 950 1592 1173 1657; x_wconf 84' lang='lat' dir='ltr'>quamcunque</span> 
     </span>
     <span class='ocr_line' id='line_1_8' title="bbox 156 1668 1173 1752; baseline 0.002 -19"><span class='ocrx_word' id='word_1_52' title='bbox 156 1680 308 1746; x_wconf 79' lang='lat' dir='ltr'>mortem,</span> <span class='ocrx_word' id='word_1_53' title='bbox 341 1690 438 1752; x_wconf 85' lang='lat' dir='ltr'>quam</span> <span class='ocrx_word' id='word_1_54' title='bbox 462 1670 539 1733; x_wconf 87' lang='lat' dir='ltr'>hauc</span> <span class='ocrx_word' id='word_1_55' title='bbox 565 1668 660 1732; x_wconf 86' lang='lat' dir='ltr'>vitam</span> <span class='ocrx_word' id='word_1_56' title='bbox 684 1668 778 1734; x_wconf 86' lang='lat' dir='ltr'>malit.</span> <span class='ocrx_word' id='word_1_57' title='bbox 826 1668 972 1733; x_wconf 86' lang='lat' dir='ltr'>Camilli</span> <span class='ocrx_word' id='word_1_58' title='bbox 990 1673 1120 1737; x_wconf 80' lang='lat' dir='ltr'>meliora</span> <span class='ocrx_word' id='word_1_59' title='bbox 1139 1674 1173 1735; x_wconf 95' lang='lat' dir='ltr'>in</span> 
     </span>
     <span class='ocr_line' id='line_1_9' title="bbox 156 1770 1172 1852; baseline 0.002 -18"><span class='ocrx_word' id='word_1_60' title='bbox 156 1770 242 1846; x_wconf 84' lang='lat' dir='ltr'>rlies,</span> <span class='ocrx_word' id='word_1_61' title='bbox 277 1782 313 1832; x_wconf 89' lang='lat' dir='ltr'>ut</span> <span class='ocrx_word' id='word_1_62' title='bbox 329 1791 390 1851; x_wconf 92' lang='lat' dir='ltr'>par</span> <span class='ocrx_word' id='word_1_63' title='bbox 416 1780 498 1846; x_wconf 86' lang='lat' dir='ltr'>erat,</span> <span class='ocrx_word' id='word_1_64' title='bbox 534 1780 713 1852; x_wconf 85' lang='lat' dir='ltr'>sperantes,</span> <span class='ocrx_word' id='word_1_65' title='bbox 745 1772 961 1835; x_wconf 77' lang='lat' dir='ltr'>consolatione</span> <span class='ocrx_word' id='word_1_66' title='bbox 980 1775 1172 1851; x_wconf 88' lang='lat' dir='ltr'>mulcerent,</span> 
     </span>
     <span class='ocr_line' id='line_1_10' title="bbox 153 1869 1173 1953; baseline 0.002 -20"><span class='ocrx_word' id='word_1_67' title='bbox 153 1883 184 1933; x_wconf 85' lang='lat' dir='ltr'>et</span> <span class='ocrx_word' id='word_1_68' title='bbox 203 1869 414 1953; x_wconf 76' lang='lat' dir='ltr'>persuasione</span> <span class='ocrx_word' id='word_1_69' title='bbox 437 1872 679 1945; x_wconf 81' lang='lat' dir='ltr'>confirmarent,</span> <span class='ocrx_word' id='word_1_70' title='bbox 709 1872 926 1949; x_wconf 81' lang='lat' dir='ltr'>cohortantes,</span> <span class='ocrx_word' id='word_1_71' title='bbox 961 1870 1087 1937; x_wconf 77' lang='lat' dir='ltr'>fortiter</span> <span class='ocrx_word' id='word_1_72' title='bbox 1107 1877 1173 1937; x_wconf 82' lang='lat' dir='ltr'>lraec</span> 
     </span>
     <span class='ocr_line' id='line_1_11' title="bbox 153 1968 1172 2056; baseline 0.006 -23"><span class='ocrx_word' id='word_1_73' title='bbox 153 1971 269 2047; x_wconf 78' lang='lat' dir='ltr'>ferret,</span> <span class='ocrx_word' id='word_1_74' title='bbox 312 1989 413 2056; x_wconf 76' lang='lat' dir='ltr'>seque</span> <span class='ocrx_word' id='word_1_75' title='bbox 443 1968 512 2051; x_wconf 89' lang='lat' dir='ltr'>ipsa</span> <span class='ocrx_word' id='word_1_76' title='bbox 543 1972 736 2047; x_wconf 89' lang='lat' dir='ltr'>contineret,</span> <span class='ocrx_word' id='word_1_77' title='bbox 777 1970 920 2039; x_wconf 75' lang='lat' dir='ltr'>futurum</span> <span class='ocrx_word' id='word_1_78' title='bbox 957 1983 994 2035; x_wconf 88' lang='lat' dir='ltr'>ut</span> <span class='ocrx_word' id='word_1_79' title='bbox 1023 1973 1172 2039; x_wconf 87' lang='lat' dir='ltr'>diuturno</span> 
     </span>
     <span class='ocr_line' id='line_1_12' title="bbox 151 2068 1171 2153; baseline 0.005 -18"><span class='ocrx_word' id='word_1_80' title='bbox 151 2070 301 2153; x_wconf 87' lang='lat' dir='ltr'>patientia</span> <span class='ocrx_word' id='word_1_81' title='bbox 315 2069 496 2134; x_wconf 85' lang='lat' dir='ltr'>mitesceret</span> <span class='ocrx_word' id='word_1_82' title='bbox 511 2068 696 2134; x_wconf 80' lang='lat' dir='ltr'>ferocientis</span> <span class='ocrx_word' id='word_1_83' title='bbox 711 2082 825 2135; x_wconf 91' lang='lat' dir='ltr'>tumor.</span> <span class='ocrx_word' id='word_1_84' title='bbox 863 2070 994 2137; x_wconf 87' lang='lat' dir='ltr'>Interim</span> <span class='ocrx_word' id='word_1_85' title='bbox 1006 2076 1171 2140; x_wconf 79' lang='lat' dir='ltr'>nocturnis</span> 
     </span>
     <span class='ocr_line' id='line_1_13' title="bbox 151 2166 1171 2256; baseline 0.006 -21"><span class='ocrx_word' id='word_1_86' title='bbox 151 2171 339 2256; x_wconf 67' lang='lat' dir='ltr'>diurnisque</span> <span class='ocrx_word' id='word_1_87' title='bbox 369 2166 519 2253; x_wconf 86' lang='lat' dir='ltr'>precihus</span> <span class='ocrx_word' id='word_1_88' title='bbox 547 2193 566 2234; x_wconf 88' lang='lat' dir='ltr'>a</span> <span class='ocrx_word' id='word_1_89' title='bbox 593 2171 665 2234; x_wconf 85' lang='lat' dir='ltr'>Deo</span> <span class='ocrx_word' id='word_1_90' title='bbox 687 2167 814 2252; x_wconf 87' lang='lat' dir='ltr'>optimo</span> <span class='ocrx_word' id='word_1_91' title='bbox 843 2173 981 2238; x_wconf 87' lang='lat' dir='ltr'>maximo</span> <span class='ocrx_word' id='word_1_92' title='bbox 1008 2176 1171 2241; x_wconf 87' lang='lat' dir='ltr'>meliorem</span> 
     </span>
     <span class='ocr_line' id='line_1_14' title="bbox 151 2269 1169 2352; baseline 0.003 -17"><span class='ocrx_word' id='word_1_93' title='bbox 151 2272 195 2335; x_wconf 89' lang='lat' dir='ltr'>illi</span> <span class='ocrx_word' id='word_1_94' title='bbox 210 2269 365 2347; x_wconf 81' lang='lat' dir='ltr'>mentem,</span> <span class='ocrx_word' id='word_1_95' title='bbox 397 2271 540 2335; x_wconf 86' lang='lat' dir='ltr'>saniores</span> <span class='ocrx_word' id='word_1_96' title='bbox 566 2272 721 2349; x_wconf 76' lang='lat' dir='ltr'>cogitatus</span> <span class='ocrx_word' id='word_1_97' title='bbox 740 2272 859 2352; x_wconf 84' lang='lat' dir='ltr'>precati</span> <span class='ocrx_word' id='word_1_98' title='bbox 885 2285 967 2336; x_wconf 89' lang='lat' dir='ltr'>sunt.</span> <span class='ocrx_word' id='word_1_99' title='bbox 1013 2277 1068 2339; x_wconf 87' lang='lat' dir='ltr'>llla</span> <span class='ocrx_word' id='word_1_100' title='bbox 1091 2298 1169 2339; x_wconf 85' lang='lat' dir='ltr'>vcro</span> 
     </span>
     <span class='ocr_line' id='line_1_15' title="bbox 152 2370 1168 2455; baseline -0.001 -20"><span class='ocrx_word' id='word_1_101' title='bbox 152 2371 229 2435; x_wconf 84' lang='lat' dir='ltr'>nihil</span> <span class='ocrx_word' id='word_1_102' title='bbox 257 2370 434 2448; x_wconf 83' lang='lat' dir='ltr'>omittebat,</span> <span class='ocrx_word' id='word_1_103' title='bbox 476 2392 542 2455; x_wconf 85' lang='lat' dir='ltr'>qno</span> <span class='ocrx_word' id='word_1_104' title='bbox 570 2370 729 2435; x_wconf 81' lang='lat' dir='ltr'>infensum</span> <span class='ocrx_word' id='word_1_105' title='bbox 755 2371 815 2435; x_wconf 88' lang='lat' dir='ltr'>sibi</span> <span class='ocrx_word' id='word_1_106' title='bbox 844 2373 989 2439; x_wconf 88' lang='lat' dir='ltr'>maritum</span> <span class='ocrx_word' id='word_1_107' title='bbox 1013 2376 1168 2455; x_wconf 79' lang='lat' dir='ltr'>placaret,</span> 
     </span>
     <span class='ocr_line' id='line_1_16' title="bbox 154 2469 1168 2555; baseline 0.003 -21"><span class='ocrx_word' id='word_1_108' title='bbox 154 2469 262 2534; x_wconf 83' lang='lat' dir='ltr'>omnis</span> <span class='ocrx_word' id='word_1_109' title='bbox 279 2470 472 2537; x_wconf 67' lang='lat' dir='ltr'>familiariter</span> <span class='ocrx_word' id='word_1_110' title='bbox 492 2492 529 2534; x_wconf 87' lang='lat' dir='ltr'>ac</span> <span class='ocrx_word' id='word_1_111' title='bbox 550 2472 663 2535; x_wconf 80' lang='lat' dir='ltr'>blande</span> <span class='ocrx_word' id='word_1_112' title='bbox 684 2493 799 2555; x_wconf 78' lang='lat' dir='ltr'>agens,</span> <span class='ocrx_word' id='word_1_113' title='bbox 833 2472 886 2535; x_wconf 93' lang='lat' dir='ltr'>illo</span> <span class='ocrx_word' id='word_1_114' title='bbox 905 2483 1020 2536; x_wconf 88' lang='lat' dir='ltr'>contra</span> <span class='ocrx_word' id='word_1_115' title='bbox 1043 2473 1168 2550; x_wconf 80' lang='lat' dir='ltr'>verbis,</span> 
     </span>
     <span class='ocr_line' id='line_1_17' title="bbox 150 2566 1168 2656; baseline 0.003 -23"><span class='ocrx_word' id='word_1_116' title='bbox 150 2592 187 2635; x_wconf 86' lang='lat' dir='ltr'>ac</span> <span class='ocrx_word' id='word_1_117' title='bbox 205 2566 393 2635; x_wconf 77' lang='lat' dir='ltr'>verberibus</span> <span class='ocrx_word' id='word_1_118' title='bbox 408 2568 592 2656; x_wconf 80' lang='lat' dir='ltr'>ingruente.</span> <span class='ocrx_word' id='word_1_119' title='bbox 641 2573 683 2636; x_wconf 87' lang='lat' dir='ltr'>Et</span> <span class='ocrx_word' id='word_1_120' title='bbox 704 2582 768 2649; x_wconf 82' lang='lat' dir='ltr'>est,</span> <span class='ocrx_word' id='word_1_121' title='bbox 799 2584 834 2634; x_wconf 90' lang='lat' dir='ltr'>nt</span> <span class='ocrx_word' id='word_1_122' title='bbox 854 2569 970 2650; x_wconf 91' lang='lat' dir='ltr'>nostis,</span> <span class='ocrx_word' id='word_1_123' title='bbox 1001 2574 1168 2651; x_wconf 85' lang='lat' dir='ltr'>Germani,</span> 
     </span>
     <span class='ocr_line' id='line_1_18' title="bbox 149 2670 1169 2756; baseline 0.003 -21"><span class='ocrx_word' id='word_1_124' title='bbox 149 2671 224 2735; x_wconf 86' lang='lat' dir='ltr'>nihil</span> <span class='ocrx_word' id='word_1_125' title='bbox 253 2670 349 2754; x_wconf 77' lang='lat' dir='ltr'>hujus</span> <span class='ocrx_word' id='word_1_126' title='bbox 375 2671 517 2736; x_wconf 88' lang='lat' dir='ltr'>mulieris</span> <span class='ocrx_word' id='word_1_127' title='bbox 544 2673 647 2735; x_wconf 86' lang='lat' dir='ltr'>lorma</span> <span class='ocrx_word' id='word_1_128' title='bbox 674 2673 887 2756; x_wconf 78' lang='lat' dir='ltr'>prestantius,</span> <span class='ocrx_word' id='word_1_129' title='bbox 924 2672 1000 2737; x_wconf 89' lang='lat' dir='ltr'>nihil</span> <span class='ocrx_word' id='word_1_130' title='bbox 1025 2673 1169 2739; x_wconf 74' lang='lat' dir='ltr'>moribus</span> 
     </span>
     <span class='ocr_line' id='line_1_19' title="bbox 150 2768 1170 2856; baseline 0.001 -21"><span class='ocrx_word' id='word_1_131' title='bbox 150 2769 295 2848; x_wconf 76' lang='lat' dir='ltr'>marius,</span> <span class='ocrx_word' id='word_1_132' title='bbox 343 2768 573 2837; x_wconf 86' lang='lat' dir='ltr'>consuetudine</span> <span class='ocrx_word' id='word_1_133' title='bbox 600 2772 762 2837; x_wconf 86' lang='lat' dir='ltr'>honestius</span> <span class='ocrx_word' id='word_1_134' title='bbox 792 2774 835 2848; x_wconf 58' lang='lat' dir='ltr'>l³).</span> <span class='ocrx_word' id='word_1_135' title='bbox 889 2772 937 2837; x_wconf 85' lang='lat' dir='ltr'>lta</span> <span class='ocrx_word' id='word_1_136' title='bbox 964 2772 1087 2856; x_wconf 86' lang='lat' dir='ltr'>species</span> <span class='ocrx_word' id='word_1_137' title='bbox 1119 2778 1170 2838; x_wconf 83' lang='lat' dir='ltr'>est</span> 
     </span>
     <span class='ocr_line' id='line_1_20' title="bbox 149 2869 1169 2958; baseline 0.002 -23"><span class='ocrx_word' id='word_1_138' title='bbox 149 2869 285 2950; x_wconf 86' lang='lat' dir='ltr'>eximia,</span> <span class='ocrx_word' id='word_1_139' title='bbox 325 2872 367 2937; x_wconf 91' lang='lat' dir='ltr'>ita</span> <span class='ocrx_word' id='word_1_140' title='bbox 393 2872 531 2937; x_wconf 87' lang='lat' dir='ltr'>amabilis</span> <span class='ocrx_word' id='word_1_141' title='bbox 559 2874 608 2950; x_wconf 69' lang='lat' dir='ltr'>aa)</span> <span class='ocrx_word' id='word_1_142' title='bbox 636 2874 855 2950; x_wconf 82' lang='lat' dir='ltr'>conversatio,</span> <span class='ocrx_word' id='word_1_143' title='bbox 894 2873 938 2939; x_wconf 88' lang='lat' dir='ltr'>ita</span> <span class='ocrx_word' id='word_1_144' title='bbox 965 2873 1079 2939; x_wconf 88' lang='lat' dir='ltr'>omnia·</span> <span class='ocrx_word' id='word_1_145' title='bbox 1098 2893 1169 2958; x_wconf 82' lang='lat' dir='ltr'>quse</span> 
     </span>
     <span class='ocr_line' id='line_1_21' title="bbox 145 2968 1169 3060; baseline 0.002 -23"><span class='ocrx_word' id='word_1_146' title='bbox 145 2973 237 3051; x_wconf 81' lang='lat' dir='ltr'>lacit,</span> <span class='ocrx_word' id='word_1_147' title='bbox 259 2994 397 3058; x_wconf 76' lang='lat' dir='ltr'>queque</span> <span class='ocrx_word' id='word_1_148' title='bbox 411 2968 571 3056; x_wconf 82' lang='lat' dir='ltr'>loquitur,</span> <span class='ocrx_word' id='word_1_149' title='bbox 591 2972 780 3055; x_wconf 88' lang='lat' dir='ltr'>perderent,</span> <span class='ocrx_word' id='word_1_150' title='bbox 800 2984 835 3037; x_wconf 86' lang='lat' dir='ltr'>ut</span> <span class='ocrx_word' id='word_1_151' title='bbox 848 2995 931 3055; x_wconf 89' lang='lat' dir='ltr'>pene</span> <span class='ocrx_word' id='word_1_152' title='bbox 943 2975 1042 3060; x_wconf 83' lang='lat' dir='ltr'>magis</span> <span class='ocrx_word' id='word_1_153' title='bbox 1054 2973 1169 3039; x_wconf 87' lang='lat' dir='ltr'>mirum</span> 
     </span>
     <span class='ocr_line' id='line_1_22' title="bbox 146 3071 1168 3158; baseline 0.002 -23"><span class='ocrx_word' id='word_1_154' title='bbox 146 3075 206 3150; x_wconf 87' lang='lat' dir='ltr'>sit,</span> <span class='ocrx_word' id='word_1_155' title='bbox 238 3076 327 3157; x_wconf 85' lang='lat' dir='ltr'>quod</span> <span class='ocrx_word' id='word_1_156' title='bbox 343 3076 399 3139; x_wconf 85' lang='lat' dir='ltr'>has</span> <span class='ocrx_word' id='word_1_157' title='bbox 424 3071 475 3136; x_wconf 90' lang='lat' dir='ltr'>ille</span> <span class='ocrx_word' id='word_1_158' title='bbox 503 3074 594 3136; x_wconf 88' lang='lat' dir='ltr'>dotes</span> <span class='ocrx_word' id='word_1_159' title='bbox 619 3072 744 3150; x_wconf 87' lang='lat' dir='ltr'>odisse,</span> <span class='ocrx_word' id='word_1_160' title='bbox 779 3093 873 3157; x_wconf 82' lang='lat' dir='ltr'>quam</span> <span class='ocrx_word' id='word_1_161' title='bbox 893 3076 982 3158; x_wconf 87' lang='lat' dir='ltr'>quod</span> <span class='ocrx_word' id='word_1_162' title='bbox 998 3072 1080 3138; x_wconf 89' lang='lat' dir='ltr'>illius</span> <span class='ocrx_word' id='word_1_163' title='bbox 1103 3077 1168 3137; x_wconf 80' lang='lat' dir='ltr'>hsce</span> 
     </span>
     <span class='ocr_line' id='line_1_23' title="bbox 147 3168 1169 3257; baseline 0.002 -21"><span class='ocrx_word' id='word_1_164' title='bbox 147 3174 366 3257; x_wconf 84' lang='lat' dir='ltr'>intemperiem</span> <span class='ocrx_word' id='word_1_165' title='bbox 394 3172 481 3237; x_wconf 85' lang='lat' dir='ltr'>serre</span> <span class='ocrx_word' id='word_1_166' title='bbox 507 3168 657 3254; x_wconf 89' lang='lat' dir='ltr'>potuerit.</span> <span class='ocrx_word' id='word_1_167' title='bbox 706 3172 743 3236; x_wconf 88' lang='lat' dir='ltr'>ln</span> <span class='ocrx_word' id='word_1_168' title='bbox 769 3194 833 3257; x_wconf 82' lang='lat' dir='ltr'>qua</span> <span class='ocrx_word' id='word_1_169' title='bbox 858 3184 964 3250; x_wconf 86' lang='lat' dir='ltr'>certe,</span> <span class='ocrx_word' id='word_1_170' title='bbox 995 3195 1068 3238; x_wconf 90' lang='lat' dir='ltr'>cnm</span> <span class='ocrx_word' id='word_1_171' title='bbox 1091 3173 1169 3238; x_wconf 88' lang='lat' dir='ltr'>nilril</span> 
     </span>
     <span class='ocr_line' id='line_1_24' title="bbox 144 3270 1169 3356; baseline -0.003 -19"><span class='ocrx_word' id='word_1_172' title='bbox 144 3272 208 3349; x_wconf 86' lang='lat' dir='ltr'>sit,</span> <span class='ocrx_word' id='word_1_173' title='bbox 239 3294 307 3337; x_wconf 90' lang='lat' dir='ltr'>non</span> <span class='ocrx_word' id='word_1_174' title='bbox 332 3272 549 3338; x_wconf 83' lang='lat' dir='ltr'>ardentissimo</span> <span class='ocrx_word' id='word_1_175' title='bbox 581 3271 713 3356; x_wconf 84' lang='lat' dir='ltr'>dignum</span> <span class='ocrx_word' id='word_1_176' title='bbox 741 3293 867 3349; x_wconf 89' lang='lat' dir='ltr'>amore,</span> <span class='ocrx_word' id='word_1_177' title='bbox 907 3273 947 3335; x_wconf 88' lang='lat' dir='ltr'>ab</span> <span class='ocrx_word' id='word_1_178' title='bbox 979 3270 1034 3334; x_wconf 89' lang='lat' dir='ltr'>illo</span> <span class='ocrx_word' id='word_1_179' title='bbox 1064 3283 1169 3334; x_wconf 89' lang='lat' dir='ltr'>tamen</span> 
     </span>
     <span class='ocr_line' id='line_1_25' title="bbox 143 3370 1167 3455; baseline -0.004 -16"><span class='ocrx_word' id='word_1_180' title='bbox 143 3374 250 3439; x_wconf 80' lang='lat' dir='ltr'>habita</span> <span class='ocrx_word' id='word_1_181' title='bbox 279 3384 328 3439; x_wconf 86' lang='lat' dir='ltr'>est</span> <span class='ocrx_word' id='word_1_182' title='bbox 352 3370 576 3439; x_wconf 69' lang='lat' dir='ltr'>intensissime.</span> <span class='ocrx_word' id='word_1_183' title='bbox 626 3372 670 3435; x_wconf 87' lang='lat' dir='ltr'>Et</span> <span class='ocrx_word' id='word_1_184' title='bbox 694 3372 747 3437; x_wconf 88' lang='lat' dir='ltr'>cui</span> <span class='ocrx_word' id='word_1_185' title='bbox 776 3372 894 3455; x_wconf 87' lang='lat' dir='ltr'>nuptiis</span> <span class='ocrx_word' id='word_1_186' title='bbox 921 3380 1043 3435; x_wconf 85' lang='lat' dir='ltr'>tantum</span> <span class='ocrx_word' id='word_1_187' title='bbox 1068 3372 1167 3435; x_wconf 86' lang='lat' dir='ltr'>decus</span> 
     </span>
     <span class='ocr_line' id='line_1_26' title="bbox 144 3472 1168 3557; baseline -0.004 -18"><span class='ocrx_word' id='word_1_188' title='bbox 144 3485 347 3541; x_wconf 86' lang='lat' dir='ltr'>assecuturus</span> <span class='ocrx_word' id='word_1_189' title='bbox 371 3482 456 3550; x_wconf 83' lang='lat' dir='ltr'>erat,</span> <span class='ocrx_word' id='word_1_190' title='bbox 504 3480 655 3557; x_wconf 83' lang='lat' dir='ltr'>quantum</span> <span class='ocrx_word' id='word_1_191' title='bbox 680 3472 714 3534; x_wconf 94' lang='lat' dir='ltr'>in</span> <span class='ocrx_word' id='word_1_192' title='bbox 739 3472 822 3535; x_wconf 87' lang='lat' dir='ltr'>illam</span> <span class='ocrx_word' id='word_1_193' title='bbox 848 3474 979 3537; x_wconf 88' lang='lat' dir='ltr'>domum</span> <span class='ocrx_word' id='word_1_194' title='bbox 1004 3492 1168 3557; x_wconf 88' lang='lat' dir='ltr'>nunquam</span> 
     </span>
     <span class='ocr_line' id='line_1_27' title="bbox 144 3570 1167 3655; baseline -0.001 -16"><span class='ocrx_word' id='word_1_195' title='bbox 144 3576 326 3653; x_wconf 84' lang='lat' dir='ltr'>descendit,</span> <span class='ocrx_word' id='word_1_196' title='bbox 348 3584 458 3639; x_wconf 90' lang='lat' dir='ltr'>contra</span> <span class='ocrx_word' id='word_1_197' title='bbox 471 3574 550 3637; x_wconf 86' lang='lat' dir='ltr'>hane</span> <span class='ocrx_word' id='word_1_198' title='bbox 561 3570 749 3655; x_wconf 85' lang='lat' dir='ltr'>stupiditatis</span> <span class='ocrx_word' id='word_1_199' title='bbox 761 3592 798 3633; x_wconf 84' lang='lat' dir='ltr'>ac</span> <span class='ocrx_word' id='word_1_200' title='bbox 809 3572 928 3636; x_wconf 83' lang='lat' dir='ltr'>furoris</span> <span class='ocrx_word' id='word_1_201' title='bbox 943 3572 993 3634; x_wconf 90' lang='lat' dir='ltr'>sni</span> <span class='ocrx_word' id='word_1_202' title='bbox 1019 3573 1167 3652; x_wconf 88' lang='lat' dir='ltr'>procellis</span> 
     </span>
     <span class='ocr_line' id='line_1_28' title="bbox 144 3670 1167 3757; baseline -0.004 -18"><span class='ocrx_word' id='word_1_203' title='bbox 144 3684 301 3757; x_wconf 66' lang='lat' dir='ltr'>gruum</span> <span class='ocrx_word' id='word_1_204' title='bbox 318 3686 382 3739; x_wconf 83' lang='lat' dir='ltr'>est.</span> <span class='ocrx_word' id='word_1_205' title='bbox 419 3678 487 3739; x_wconf 87' lang='lat' dir='ltr'>Nee</span> <span class='ocrx_word' id='word_1_206' title='bbox 503 3670 622 3757; x_wconf 86' lang='lat' dir='ltr'>aliquid</span> <span class='ocrx_word' id='word_1_207' title='bbox 642 3670 733 3754; x_wconf 89' lang='lat' dir='ltr'>pensi</span> <span class='ocrx_word' id='word_1_208' title='bbox 749 3670 874 3748; x_wconf 87' lang='lat' dir='ltr'>habuit,</span> <span class='ocrx_word' id='word_1_209' title='bbox 901 3671 979 3755; x_wconf 85' lang='lat' dir='ltr'>qnid</span> <span class='ocrx_word' id='word_1_210' title='bbox 996 3672 1167 3737; x_wconf 85' lang='lat' dir='ltr'>deberetur</span> 
     </span>
     <span class='ocr_line' id='line_1_29' title="bbox 143 3768 1168 3858; baseline -0.001 -21"><span class='ocrx_word' id='word_1_211' title='bbox 143 3774 227 3839; x_wconf 84' lang='lat' dir='ltr'>illius</span> <span class='ocrx_word' id='word_1_212' title='bbox 238 3774 377 3857; x_wconf 84' lang='lat' dir='ltr'>primum</span> <span class='ocrx_word' id='word_1_213' title='bbox 387 3774 498 3839; x_wconf 84' lang='lat' dir='ltr'>lormre</span> <span class='ocrx_word' id='word_1_214' title='bbox 509 3815 519 3851; x_wconf 85' lang='lat'>,</span> <span class='ocrx_word' id='word_1_215' title='bbox 533 3792 627 3858; x_wconf 86' lang='lat' dir='ltr'>quam</span> <span class='ocrx_word' id='word_1_216' title='bbox 639 3768 706 3852; x_wconf 89' lang='lat' dir='ltr'>ipsa</span> <span class='ocrx_word' id='word_1_217' title='bbox 716 3770 859 3835; x_wconf 85' lang='lat' dir='ltr'>moribus</span> <span class='ocrx_word' id='word_1_218' title='bbox 869 3790 906 3835; x_wconf 77' lang='lat' dir='ltr'>ec</span> <span class='ocrx_word' id='word_1_219' title='bbox 918 3772 984 3833; x_wconf 84' lang='lat' dir='ltr'>vita</span> <span class='ocrx_word' id='word_1_220' title='bbox 995 3770 1168 3854; x_wconf 86' lang='lat' dir='ltr'>gratiorem</span> 
     </span>
     <span class='ocr_line' id='line_1_30' title="bbox 140 3870 1168 3956; baseline -0.004 -17"><span class='ocrx_word' id='word_1_221' title='bbox 140 3873 348 3954; x_wconf 83' lang='lat' dir='ltr'>reddiderat,</span> <span class='ocrx_word' id='word_1_222' title='bbox 378 3872 495 3939; x_wconf 87' lang='lat' dir='ltr'>deinde</span> <span class='ocrx_word' id='word_1_223' title='bbox 522 3873 618 3956; x_wconf 85' lang='lat' dir='ltr'>hujus</span> <span class='ocrx_word' id='word_1_224' title='bbox 645 3870 797 3946; x_wconf 75' lang='lat' dir='ltr'>Cesaris,</span> <span class='ocrx_word' id='word_1_225' title='bbox 834 3870 949 3933; x_wconf 91' lang='lat' dir='ltr'>horum</span> <span class='ocrx_word' id='word_1_226' title='bbox 970 3872 1168 3935; x_wconf 80' lang='lat' dir='ltr'>Bavarorum</span> 
     </span>
     <span class='ocr_line' id='line_1_31' title="bbox 140 3969 1169 4061; baseline -0.006 -22"><span class='ocrx_word' id='word_1_227' title='bbox 140 3972 300 4052; x_wconf 83' lang='lat' dir='ltr'>affinitati,</span> <span class='ocrx_word' id='word_1_228' title='bbox 341 3995 362 4041; x_wconf 86' lang='lat' dir='ltr'>a</span> <span class='ocrx_word' id='word_1_229' title='bbox 391 3971 503 4061; x_wconf 86' lang='lat' dir='ltr'>quais</span> <span class='ocrx_word' id='word_1_230' title='bbox 530 3970 716 4039; x_wconf 87' lang='lat' dir='ltr'>claritudine</span> <span class='ocrx_word' id='word_1_231' title='bbox 748 3970 811 4035; x_wconf 87' lang='lat' dir='ltr'>hoc</span> <span class='ocrx_word' id='word_1_232' title='bbox 843 3969 904 4032; x_wconf 87' lang='lat' dir='ltr'>sibi</span> <span class='ocrx_word' id='word_1_233' title='bbox 938 3970 1029 4052; x_wconf 83' lang='lat' dir='ltr'>quasi</span> <span class='ocrx_word' id='word_1_234' title='bbox 1062 3974 1169 4033; x_wconf 86' lang='lat' dir='ltr'>lumen</span> 
     </span>
     <span class='ocr_line' id='line_1_32' title="bbox 140 4066 1168 4161; baseline -0.007 -23"><span class='ocrx_word' id='word_1_235' title='bbox 140 4072 341 4141; x_wconf 78' lang='lat' dir='ltr'>accenderat.</span> <span class='ocrx_word' id='word_1_236' title='bbox 397 4074 462 4141; x_wconf 82' lang='lat' dir='ltr'>Sed</span> <span class='ocrx_word' id='word_1_237' title='bbox 486 4073 566 4161; x_wconf 81' lang='lat' dir='ltr'>quid</span> <span class='ocrx_word' id='word_1_238' title='bbox 591 4074 656 4137; x_wconf 87' lang='lat' dir='ltr'>hsec</span> <span class='ocrx_word' id='word_1_239' title='bbox 679 4072 823 4151; x_wconf 77' lang='lat' dir='ltr'>videret,</span> <span class='ocrx_word' id='word_1_240' title='bbox 859 4069 915 4156; x_wconf 89' lang='lat' dir='ltr'>qui</span> <span class='ocrx_word' id='word_1_241' title='bbox 945 4066 1021 4133; x_wconf 84' lang='lat' dir='ltr'>nihil</span> <span class='ocrx_word' id='word_1_242' title='bbox 1048 4068 1082 4131; x_wconf 90' lang='lat' dir='ltr'>in</span> <span class='ocrx_word' id='word_1_243' title='bbox 1102 4078 1168 4132; x_wconf 81' lang='lat' dir='ltr'>tots</span> 
     </span>
     <span class='ocr_line' id='line_1_33' title="bbox 140 4166 1169 4261; baseline -0.01 -22"><span class='ocrx_word' id='word_1_244' title='bbox 140 4175 209 4239; x_wconf 81' lang='lat' dir='ltr'>uita</span> <span class='ocrx_word' id='word_1_245' title='bbox 235 4172 333 4253; x_wconf 83' lang='lat' dir='ltr'>boni,</span> <span class='ocrx_word' id='word_1_246' title='bbox 365 4184 400 4240; x_wconf 86' lang='lat' dir='ltr'>et</span> <span class='ocrx_word' id='word_1_247' title='bbox 425 4175 509 4261; x_wconf 76' lang='lat' dir='ltr'>arqui</span> <span class='ocrx_word' id='word_1_248' title='bbox 535 4172 615 4238; x_wconf 80' lang='lat' dir='ltr'>vidit</span> <span class='ocrx_word' id='word_1_249' title='bbox 641 4170 808 4256; x_wconf 81' lang='lat' dir='ltr'>unquam?</span> <span class='ocrx_word' id='word_1_250' title='bbox 850 4170 915 4255; x_wconf 80' lang='lat' dir='ltr'>Qui</span> <span class='ocrx_word' id='word_1_251' title='bbox 937 4168 1047 4244; x_wconf 87' lang='lat' dir='ltr'>etiam,</span> <span class='ocrx_word' id='word_1_252' title='bbox 1086 4167 1114 4231; x_wconf 89' lang='lat' dir='ltr'>si</span> <span class='ocrx_word' id='word_1_253' title='bbox 1134 4166 1169 4229; x_wconf 93' lang='lat' dir='ltr'>in</span> 
     </span>
     <span class='ocr_line' id='line_1_34' title="bbox 143 4270 1167 4360; baseline 0 -21"><span class='ocrx_word' id='word_1_254' title='bbox 143 4270 269 4360; x_wconf 87' lang='lat' dir='ltr'>optima</span> <span class='ocrx_word' id='word_1_255' title='bbox 282 4272 372 4357; x_wconf 85' lang='lat' dir='ltr'>prins</span> <span class='ocrx_word' id='word_1_256' title='bbox 384 4274 550 4343; x_wconf 85' lang='lat' dir='ltr'>hominnm</span> <span class='ocrx_word' id='word_1_257' title='bbox 561 4275 602 4338; x_wconf 91' lang='lat' dir='ltr'>de</span> <span class='ocrx_word' id='word_1_258' title='bbox 614 4293 649 4337; x_wconf 86' lang='lat' dir='ltr'>sc</span> <span class='ocrx_word' id='word_1_259' title='bbox 665 4272 818 4354; x_wconf 87' lang='lat' dir='ltr'>opinions</span> <span class='ocrx_word' id='word_1_260' title='bbox 834 4270 985 4354; x_wconf 73' lang='lat' dir='ltr'>uixisset,</span> <span class='ocrx_word' id='word_1_261' title='bbox 1004 4274 1067 4337; x_wconf 90' lang='lat' dir='ltr'>hoc</span> <span class='ocrx_word' id='word_1_262' title='bbox 1079 4272 1167 4339; x_wconf 70' lang='lat' dir='ltr'>soto.-</span> 
     </span>
    </p>
   </div>
   <div class='ocr_carea' id='block_1_3' title="bbox 177 4476 882 4581">
    <p class='ocr_par' dir='ltr' id='par_1_3' title="bbox 177 4476 882 4581">
     <span class='ocr_line' id='line_1_35' title="bbox 177 4476 882 4581; baseline -0.006 -16"><span class='ocrx_word' id='word_1_263' title='bbox 177 4506 208 4578; x_wconf 75' lang='grc'>*)</span> <span class='ocrx_word' id='word_1_264' title='bbox 228 4516 376 4581; x_wconf 69' lang='lat' dir='ltr'>honestas,</span> <span class='ocrx_word' id='word_1_265' title='bbox 400 4514 517 4575; x_wconf 73' lang='lat' dir='ltr'>stractus,</span> <span class='ocrx_word' id='word_1_266' title='bbox 554 4476 603 4571; x_wconf 38' lang='grc' dir='ltr'>η)</span> <span class='ocrx_word' id='word_1_267' title='bbox 620 4512 882 4576; x_wconf 63' lang='lat' dir='ltr'>connumerati.</span> 
     </span>
    </p>
   </div>
   <div class='ocr_carea' id='block_1_4' title="bbox 0 0 1316 5108">
    <p class='ocr_par' dir='ltr' id='par_1_4' title="bbox 0 0 1316 5108">
     <span class='ocr_line' id='line_1_36' title="bbox 0 0 1316 5108; baseline 0 2"><span class='ocrx_word' id='word_1_268' title='bbox 0 0 1316 5108; x_wconf 95' lang='lat' dir='ltr'> </span> 
     </span>
    </p>
   </div>
  </div>
 </body>
</html>
