2624 5108
449 810 578 887 Oratio
602 806 853 882 Decimsrum.
1088 812 1159 886 5⁴3

142 1004 251 1080 robis,
281 1004 357 1067 dicit
383 1004 471 1067 Deus
501 1002 576 1083 0pt.
604 1002 695 1065 Max.
738 1002 826 1064 Bella
844 1020 909 1063 nou
927 1022 1163 1087 usquequaque

142 1106 295 1179 extincta,
313 1125 355 1165 ne
371 1116 433 1167 tam
450 1102 649 1177 necessario,
667 1102 811 1185 divoque
826 1102 915 1183 operi
934 1102 1159 1181 impedimento

141 1205 220 1279 sint,
240 1225 385 1268 somnum
402 1206 539 1268 interdiu
554 1222 684 1284 capere,
703 1216 735 1265 et
744 1202 935 1284 Apostolicis
949 1208 1005 1279 (ιιι
1020 1226 1077 1285 per
1093 1208 1163 1279 est)

141 1305 292 1369 mendatis
319 1306 587 1387 obtemperando,
620 1303 906 1387 ‹priuqucunalibus
934 1304 1068 1367 induciis
1094 1310 1161 1371 tolli

142 1426 301 1489 rogamus.
338 1406 417 1469 Jesu
436 1404 553 1468 Christi
571 1404 734 1485 proprium
752 1405 939 1468 admiramur
959 1428 1160 1471 veneramur-

144 1527 208 1591 que
226 1528 323 1589 opus,
342 1508 466 1569 efficere
482 1506 514 1567 iu
530 1516 613 1567 terra
627 1525 736 1585 pacem
752 1506 842 1567 bonae
855 1507 1039 1582 voluntatis,
1053 1508 1162 1573 nobis·

143 1628 216 1671 eum
234 1608 316 1670 bene
335 1608 456 1690 agitur,
483 1606 511 1669 si
531 1606 720 1688 aliquantula
737 1608 791 1667 liet
809 1606 898 1689 quies
920 1606 1032 1691 iniquo
1058 1610 1163 1672 auimo

146 1719 280 1770 retento.
329 1709 418 1770 Bello
444 1719 548 1769 autem
575 1706 798 1786 suscipiendo,
837 1728 907 1788 quie
939 1708 1009 1784 vin,
1048 1710 1162 1791 quisve

145 1809 258 1873 modus
276 1808 438 1871 habendus
458 1808 514 1881 sit,
535 1806 627 1882 (lieet
645 1816 726 1886 ‹ptot
738 1806 852 1887 cupita,
874 1817 920 1867 tot
936 1811 1068 1883 sensus)
1087 1830 1161 1889 pro·

144 1910 310 1971 hetaeum
338 1909 543 1988 plurimontm
569 1906 744 1985 sapientum
768 1926 805 1968 uc
833 1906 1010 1989 principum
1030 1910 1162 1974 consilio

145 2007 297 2073 sententie
309 2008 386 2082 luit,
407 2018 557 2086 oportere
576 2010 739 2086 imponere
754 2007 992 2071 sociis-initiutis
1009 2010 1163 2088 Decimus,

146 2108 265 2188 plebeis
279 2107 579 2190 Quinquagesimas,
597 2106 715 2189 cuique
733 2108 841 2169 domui
859 2106 1049 2189 stipendium
1068 2111 1163 2173 unius

146 2208 264 2281 militis,
284 2208 435 2271 diuitibus
453 2207 548 2269 annui
566 2226 690 2282 census,
716 2228 752 2269 ao
767 2208 845 2269 lucri
860 2207 1059 2269 Vicesimum.
1096 2212 1165 2270 Nec

146 2328 205 2369 vos
227 2318 342 2370 terreat
356 2308 512 2383 Decimae,
533 2306 720 2384 Vicesime,
748 2320 801 2371 aut
820 2306 1095 2391 Quiuqrmgesimae
1117 2308 1165 2371 in-

145 2421 284 2483 suetum,
312 2430 496 2492 nouemque
516 2430 642 2484 nomeu,
672 2408 829 2471 horrenda
848 2426 979 2489 ‹prorpre
999 2408 1165 2473 nobiscum

144 2510 228 2587 (haec
246 2508 520 2583 affirmaverimus)
539 2508 664 2573 sinuda
680 2518 893 2577 occurrerent.
932 2510 1071 2585 Verum,
1092 2531 1166 2573 cum

146 2610 446 2699 erirupmgesimas,
477 2608 667 2680 Vicesimus,
699 2608 909 2691 Decimasque
934 2630 1002 2671 non
1028 2612 1164 2687 solvere,

145 2711 201 2771 sed
220 2711 400 2789 deponere,
438 2709 535 2792 idque
554 2708 721 2784 tutissime,
750 2721 782 2769 et
801 2732 838 2771 ea
858 2711 928 2793 lego
947 2712 1101 2788 debeant,
1130 2722 1168 2775 ut

145 2811 207 2875 nisi
230 2811 362 2874 definito
388 2822 530 2890 tempore
559 2810 592 2871 in
623 2808 834 2887 expeditionis
861 2810 951 2873 istius
978 2831 1058 2893 opus
1087 2832 1166 2879 con·

143 2911 307 2986 ferarum,
342 2910 423 2987 illie,
459 2912 515 2995 qui
544 2910 768 2989 deposuerint,
805 2912 1026 2988 restituantur,
1067 2914 1165 2995 pium,

143 3022 304 3085 sunctum,
325 3013 527 3095 optabileque
546 3010 674 3073 cuilibet
693 3011 766 3073 iore
785 3010 966 3077 Christiano
986 3014 1166 3080 censebitis.

143 3110 302 3191 Quocirca
321 3111 479 3189 trepidare
499 3114 629 3186 timore,
650 3113 705 3173 ubi
727 3122 860 3175 nonest
879 3114 990 3190 timor,
1009 3116 1164 3191 desinant,

143 3220 307 3285 verentes,
334 3210 573 3289 expeditionem
595 3212 674 3272 hane
693 3212 829 3275 fucatam
847 3234 935 3289 esse,
957 3214 1028 3277 auri
1047 3236 1167 3279 sacram

143 3310 313 3393 subtegere
330 3310 454 3385 samem,
490 3312 556 3374 Nos
569 3311 755 3395 (inquiunt)
772 3316 885 3376 'l'urcre
899 3336 1026 3389 sununs,
1047 3314 1166 3399 quibus

143 3409 337 3488 expellendis
368 3410 579 3488 incumbitur,
609 3414 642 3475 in
672 3436 731 3478 nos
763 3416 922 3499 expeditio
951 3426 1016 3479 tota
1047 3416 1166 3479 saeviet.

144 3512 282 3587 Vacate,
302 3522 334 3573 et
349 3510 455 3573 videto
470 3532 594 3593 queso,
615 3534 709 3597 quam
722 3536 974 3595 supervacaneus
990 3530 1038 3582 est
1051 3530 1163 3593 metus,

144 3630 181 3673 sc
206 3611 300 3673 timor
324 3612 405 3685 iste3
437 3611 611 3693 percipite,
639 3634 733 3695 quarn
758 3616 827 3695 pie,
856 3638 950 3698 quam
979 3630 1107 3693 sancte,
1133 3632 1166 3679 et

144 3732 217 3775 cum
234 3712 332 3776 sacris
346 3710 489 3785 initiatis,
510 3723 542 3775 et
553 3712 679 3793 popidis
692 3712 849 3777 universis
862 3728 981 3797 agutur.
1010 3718 1165 3780 Nolumus

142 3834 202 3875 nos
218 3813 420 3889 thesaurarii,
440 3824 492 3875 aut
512 3813 669 3877 exactoris
686 3814 790 3877 officio
807 3814 909 3893 iungi.
947 3818 1079 3879 Norico
1098 3828 1169 3879 ten·

143 3914 260 3990 dimus,
282 3928 318 3977 ut
331 3915 365 3977 iu
381 3926 519 3979 nostram
535 3926 720 3997 potestatem
735 3934 795 3976 aera
807 3916 1001 4001 redigantur.
1029 3918 1165 3979 Veteres

142 4014 299 4077 revolvite
326 4016 488 4091 historias,
533 4014 681 4100 inquirite
711 4014 737 4079 si
766 4018 829 4077 ιιΙΙο
857 4036 995 4099 uuquam
1022 4027 1166 4101 tempore

143 4126 256 4177 aunetre
268 4116 418 4179 Romane
431 4117 569 4180 ecclesie
580 4114 762 4181 Cerdiuales
779 4117 819 4179 de
833 4118 928 4178 latere
941 4117 1053 4199 legati,
1070 4116 1166 4180 inter·

142 4215 234 4277 dictis
254 4214 345 4277 etiam
360 4218 401 4279 de
414 4218 493 4279 lure
508 4216 706 4281 fucultutibus
726 4216 765 4279 ad
784 4216 968 4298 pontiliees,
989 4236 1167 4302 eorumque

142 4335 209 4377 rem
230 4316 481 4394 pertinentibus,
509 4319 596 4378 utin
620 4317 785 4399 presentia
800 4314 943 4391 cernitis,
968 4319 1166 4397 prodierunt,

141 4424 178 4505 ot¹
210 4414 449 4481 animadvertite
490 4416 576 4480 omni
616 4416 806 4500 exceptione
849 4418 1007 4502 laudeque
1040 4419 1167 4503 dignam
