2624 5108
205 850 280 927 ,llll
590 846 851 923 Exliortaturia

207 1041 376 1125 Appulism
408 1040 507 1105 classe
537 1036 728 1116 transmisit,
769 1039 858 1103 unde
888 1056 1005 1125 mgno
1035 1036 1232 1125 optinorum

208 1163 364 1217 numero,
393 1139 489 1205 simiel
513 1136 663 1221 jumentis
688 1160 725 1203 sc
749 1140 920 1221 pecoribus
940 1140 1072 1220 abactis,
1102 1140 1136 1205 in
1152 1143 1229 1207 loro

207 1248 293 1309 Julit'
305 1240 440 1305 Venetis
456 1236 606 1302 occurrit.
642 1240 724 1303 Post
741 1240 893 1307 Rhodum
909 1239 1152 1321 circumsidens,
1172 1243 1229 1307 ob-

192 1316 404 1423 ”stinrtissime
434 1360 494 1423 per
521 1348 607 1403 totos
637 1344 703 1404 tres
733 1360 858 1407 memes
887 1344 1094 1427 oppugnavit.
1142 1342 1231 1409 ldem

207 1440 436 1525 Peloponneso
467 1436 583 1503 tributa
613 1434 786 1522 imposuit,
816 1440 996 1523 Mytilenen
1024 1443 1233 1526 expugnavit,

208 1562 244 1606 ac
263 1540 418 1607 Euboeam
436 1538 565 1603 adortus
587 1537 767 1605 Chalcidem
783 1540 880 1625 oepit.
926 1542 989 1605 Hic
1007 1544 1058 1607 ille
1077 1555 1143 1619 est,
1175 1542 1235 1626 qni

209 1642 450 1723 Trapezuntum
479 1659 553 1703 cum
584 1638 788 1717 debellasset,
829 1638 965 1723 imperio
999 1664 1057 1707 sno
1092 1644 1236 1708 Pontum

208 1738 335 1823 adjecit
361 1738 540 1811 ¹Interim'in
553 1738 677 1803 oriente
687 1740 826 1803 Sultlmni
840 1743 948 1823 copias
961 1744 1091 1818 cecidit,
1110 1745 1235 1808 Arabes

209 1838 413 1921 compressit,
431 1860 503 1901 enm
519 1838 645 1919 Persis,
671 1842 778 1905 Medis
798 1864 834 1906 ac
852 1844 990 1923 Assyriis
1008 1856 1137 1907 strenue
1155 1864 1234 1907 con·

206 1940 301 2009 nixis.
336 1940 403 2005 Per
430 1941 534 2005 omnia
558 1940 652 2007 fortis
676 1960 714 2007 ae
737 1962 840 2027 prope
864 1943 1020 2021 invictus,
1047 1957 1080 2005 et
1099 1944 1235 2007 omnino

207 2041 295 2119 telis,
326 2042 450 2125 qualem
467 2046 596 2103 Selinus
612 2062 707 2117 avam
723 2044 811 2125 velit.
854 2043 920 2127 Qui
939 2064 1012 2107 cum
1031 2043 1157 2123 juvenis
1180 2065 1236 2107 res

205 2142 272 2229 iam
283 2152 381 2207 tantas
397 2140 548 2225 gesserit,
566 2154 603 2207 nt
615 2154 742 2220 terrere
752 2140 888 2209 nominis
900 2145 950 2207 sni
962 2155 1064 2207 totum
1078 2143 1235 2208 orientem

207 2245 391 2329 perculsum
409 2242 537 2321 hebed,
563 2242 680 2307 ltaliam
697 2242 788 2329 qussi
807 2244 972 2307 obsidione
992 2243 1161 2317 cinxisset,
1192 2243 1234 2307 ita

207 2354 296 2423 metu
319 2354 461 2425 premat,
498 2342 659 2425 Hungaris
684 2350 840 2407 terrorem
864 2343 1048 2419 incusserit,
1087 2342 1234 2409 omnibus

208 2442 385 2507 votitam
404 2453 438 2503 et
455 2442 487 2517 ¹⁵)
505 2442 666 2505 excidium
689 2442 801 2508 minari
824 2445 955 2521 audeat,
986 2445 1064 2529 quid
1090 2457 1234 2509 acturum

210 2544 348 2632 putatis,
373 2542 431 2607 ubi
448 2543 541 2607 simul
559 2562 632 2607 cum
650 2545 737 2607 annis
757 2543 850 2608 animi
870 2566 1001 2628 quoqne
1020 2546 1135 2619 robnr,
1155 2565 1233 2606 con·

210 2644 315 2711 silium
342 2664 378 2706 ac
404 2662 512 2707 rerum
537 2645 747 2727 gerendarum
772 2642 940 2727 prndcmia
968 2645 1129 2709 creverit?
1165 2648 1233 2709 Aut

212 2744 292 2831 qnid
310 2744 352 2809 de
370 2766 412 2809 eo
430 2755 598 2825 expectare
616 2746 705 2822 licet,
725 2746 782 2829 qui
801 2765 899 2828 quum
918 2744 1016 2808 adlruc
1035 2744 1233 2829 incognitum

211 2845 283 2925 ejus
313 2844 398 2927 apud
423 2840 477 2909 has
503 2845 647 2909 stationes
676 2866 794 2909 nomen
823 2858 922 2921 esset,
962 2866 1074 2907 corum
1103 2866 1235 2925 compos

210 2946 314 3029 [pctus
343 2957 410 3023 est,
441 2966 513 3030 que
528 2945 586 3008 vix
601 2948 656 3009 ulli
671 2944 808 3029 majores
829 2945 877 3008 sui
903 2966 1029 3025 sperare
1052 2942 1117 3007 arisi
1138 2958 1209 3007 sinn
1219 2947 1236 3007 ’ἶ

208 3048 320 3128 Atque
333 3047 399 3111 hnc
416 3046 498 3122 estis,
519 3050 582 3109 tatii
596 3046 710 3125 ferox,
728 3056 789 3107 tam
805 3044 961 3121 immanis,
981 3057 1041 3107 tarn
1058 3046 1236 3126 impetuosa

209 3146 329 3223 bellua,
349 3145 502 3211 mecine
519 3144 649 3225 lurum,
664 3144 846 3209 inflammata
867 3144 973 3220 rabie,
994 3148 1237 3228 expeditionem

212 3249 247 3315 in
258 3268 319 3312 nes
335 3246 438 3325 ducit,
457 3266 493 3313 ec
505 3244 548 3311 its
561 3244 664 3325 ducit,
680 3256 718 3309 ut
731 3245 881 3327 apparatis
894 3247 931 3308 ad
944 3245 1061 3310 bellurn
1076 3248 1237 3324 omnibns,

212 3369 316 3432 prope
335 3346 424 3411 adsit.
466 3350 555 3427 Quot
573 3344 687 3409 diebus
705 3346 789 3409 enim
814 3346 841 3409 si
860 3359 943 3409 terra
961 3348 1054 3423 velit,
1088 3371 1107 3410 e
1128 3348 1237 3427 lllysia

214 3449 254 3511 ad
272 3456 394 3509 nostras
416 3444 451 3507 in
469 3442 597 3523 Illyrico
621 3445 799 3525 provincias
824 3448 951 3509 accedet
963 3448 978 3508 ‘l
1015 3449 1082 3510 Aut
1105 3446 1134 3511 sl
1156 3446 1238 3511 inari

212 3545 379 3613 serenta
410 3542 653 3609 Bmmdusiuml
696 3545 839 3609 Proinde
865 3567 885 3608 ο
911 3546 1076 3628 Principes
1102 3566 1177 3611 cum
1200 3547 1238 3611 in

211 3644 397 3735 propinquo
429 3646 596 3711 habeamus
630 3647 776 3720 hostem,
821 3645 1015 3709 validissimis
1045 3646 1237 3711 instructum

212 3746 333 3830 copiis,
360 3758 393 3810 et
417 3744 470 3809 cui
496 3746 600 3811 omnia
624 3746 707 3813 bello
733 3748 905 3811 necessaria
928 3749 967 3811 ad
987 3749 1237 3830 superfluitatem

212 3866 317 3933 usque
343 3857 535 3929 suppetunt,
560 3848 616 3932 qui
635 3848 746 3912 milites
766 3849 868 3927 ducit,
898 3869 964 3911 non
982 3850 1118 3913 Asiatica
1136 3872 1235 3913 ener-

211 3960 302 4013 vatos
324 3946 471 4023 mollitie,
498 3948 557 4011 sed
575 3948 646 4030 jugi
665 3947 758 4026 (mihi
778 3948 917 4025 credite)
935 3947 1095 4014 induratos
1115 3950 1236 4029 militie,

213 4071 282 4117 non
312 4071 370 4131 per
398 4046 601 4112 immodicum
629 4048 797 4131 voluptatis
827 4069 919 4111 nsum
947 4051 1135 4132 languentes
1162 4071 1237 4114 cor·

93 4194 96 4199 .
213 4149 370 4235 poribus,
397 4148 454 4210 sed
472 4147 596 4209 assidue
614 4146 775 4224 bellando,
801 4150 1000 4212 confirmatos
1020 4151 1147 4227 animis,
1167 4173 1238 4216 non

214 4248 393 4313 domesticae
410 4245 541 4309 luxuriae
560 4246 719 4311 desiderio
736 4248 939 4333 respicientes
954 4250 993 4313 ad
1010 4251 1156 4332 patriam,
1175 4252 1236 4316 sed

213 4384 407 4406 μ

249 4470 274 4531 *l
293 4487 318 4527 es
336 4476 366 4528 ad
385 4478 440 4533 (ac).
