2810 4722
473 477 602 551 Oratio
628 475 804 552 Secunda.
1077 487 1141 562 119

124 673 250 749 ridetis,
281 683 312 735 et
336 681 373 734 ut
392 667 555 752 expellatis
580 679 755 744 moreest,
795 679 832 734 ut
847 673 1004 754 recipiatis
1025 673 1142 737 eausa?

122 775 186 843 Aut
199 775 292 835 'settim
302 767 540 852 Suevijerent,
561 771 617 854 qui
630 768 690 852 ipsi
705 769 859 832 miversae
876 770 951 834 olim
967 773 1148 837 Germanias

121 872 318 956 regnarunt?
343 871 566 934 Mediusfldius
586 891 656 953 quc
672 881 775 933 restra
799 882 848 935 est
871 871 1045 948 fortitudo,
1075 894 1141 940 non

121 974 270 1036 servietis
283 972 332 1048 ei,
360 992 455 1054 quern
473 974 526 1034 vet
548 973 698 1054 reqrraiem
720 971 836 1036 habere
852 973 1064 1055 turpissimum
1082 985 1142 1038 est.

124 1075 238 1158 Neque
261 1076 414 1156 latronem
438 1083 469 1134 et
494 1070 638 1135 sicarium
660 1068 768 1134 feretis
794 1074 974 1150 dominum,
1004 1085 1141 1159 quorum

122 1174 262 1256 majores
275 1193 328 1236 ¹rre
343 1195 437 1258 reges
464 1173 592 1256 rpridem
616 1178 707 1258 aequo
734 1177 838 1237 animo
858 1175 1004 1238 urlemrnt.
1046 1177 1141 1258 'Ergo

125 1275 223 1358 igitur
232 1275 338 1353 ejicite
349 1274 530 1359 principatu
550 1268 780 1356 smrguinariffin
795 1275 925 1337 bestiam
939 1275 987 1351 ⁴¹),
1011 1273 1141 1338 liberate

122 1377 200 1438 alios
221 1373 409 1450 formidine,
437 1365 496 1438 virs
519 1374 660 1456 pernicie
685 1376 838 1458 primurn,
869 1375 985 1438 deinde
1012 1374 1140 1440 infamia

123 1476 233 1551 etiam,
252 1495 312 1538 nos
323 1487 427 1538 autem
439 1475 537 1556 digno
556 1475 655 1558 gratia
665 1476 757 1539 vobis
769 1475 957 1558 obstringite
971 1476 1140 1552 beneficio,

109 1585 157 1637 'et
185 1595 301 1637 novam
336 1559 431 1638 novis
465 1576 648 1640 tumultibus
680 1595 806 1662 causam
843 1575 982 1640 auferte!
1025 1577 1140 1641 Ulcisci

123 1680 203 1740 hanc
221 1687 341 1757 pestem
358 1675 442 1739 aliud
458 1675 534 1740 nihil
560 1689 622 1752 est,
657 1699 750 1761 quam
778 1677 961 1741 subtrahere
980 1679 1140 1742 materiam

124 1775 306 1859 pernicioso
333 1777 559 1840 immanissime
591 1779 699 1841 bellue
732 1767 848 1841 furori.
905 1777 981 1840 Fuit
1009 1781 1071 1840 hoc
1097 1777 1140 1840 itti
1252 1823 1254 1834 .

125 1897 226 1957 nuper
244 1877 400 1953 studium,
428 1885 464 1939 ut
481 1877 514 1939 id
535 1899 594 1940 nos
615 1869 758 1941 sindictre
779 1901 878 1962 genus
904 1877 1138 1958 experiremur,

126 1979 214 2060 quod
228 1997 288 2040 ros
306 1977 480 2058 praecipites
501 1977 602 2054 daret,
624 1979 765 2042 futurum
782 1991 885 2052 ratus,
906 1989 941 2039 ut
958 1997 1016 2039 suo
1033 1975 1139 2038 incen-

126 2077 179 2141 dio
194 2099 255 2139 vos
277 2097 410 2160 quoque
422 2077 669 2160 conflagrarent.
707 2081 775 2141 Nec
792 2079 929 2141 obscure
948 2077 1084 2156 optavit,·
1104 2086 1140 2138 ut

127 2197 251 2241 ornnem
267 2177 369 2240 statim
385 2188 498 2239 terram
513 2177 587 2261 igne
607 2199 642 2241 ac
656 2179 745 2242 forro
764 2179 1005 2241 devastarcmus.
1044 2177 1140 2258 Quod

126 2299 185 2341 ros
209 2277 387 2341 meminisse
418 2277 527 2354 decet,
558 2279 672 2341 Suevi!
711 2277 755 2340 sic
780 2277 939 2341 lacessitos
965 2299 1042 2353 nos,
1079 2288 1140 2339 tarn

126 2378 295 2443 crudeliter
322 2379 464 2454 invasos,
498 2391 621 2442 vestre‘
641 2393 745 2442 tumen
775 2377 959 2442 innocentie
985 2377 1140 2440 rationem

127 2478 285 2542 habuisse.
313 2479 354 2540 Et
365 2481 435 2562 quis
446 2491 630 2560 putaverat,
651 2482 731 2543 ndeo
743 2499 802 2543 nos
818 2478 973 2544 contineri
986 2478 1137 2559 potuisse,

126 2590 162 2641 ut
184 2599 251 2643 non
270 2580 371 2644 omnia
389 2580 536 2660 protinus
554 2580 637 2642 crede
654 2581 873 2656 misceremus,
903 2577 1073 2659 presertim
1092 2578 1138 2640 hac

126 2699 200 2742 cum
222 2679 365 2743 adessent
384 2680 490 2743 vires?
524 2681 588 2743 Sed
608 2701 675 2742 non
696 2681 803 2744 aberat
820 2679 854 2741 in
872 2679 984 2740 dolore
1008 2698 1138 2760 quoque

126 2777 310 2856 eonsilium,
341 2792 375 2842 et
402 2803 475 2842 eum
494 2780 677 2860 petivimus,
713 2780 767 2863 qui
793 2779 922 2852 meruit,
951 2795 1045 2858 quem
1063 2787 1138 2837 tunc

126 2878 232 2942 ulcisci
264 2899 324 2940 nos
346 2879 541 2957 putavimus,
569 2901 642 2942 cum
665 2881 821 2943 neminem
844 2885 996 2958 preterea
1017 2873 1139 2935 contin·

128 3001 309 3060 geremus.·
331 2978 472 3061 Fuitque
498 2980 614 3043 frustra
641 2981 699 3044 iste
729 2980 821 3042 robis
847 2990 964 3057 terror,
996 2971 1138 3058 ‹protidie

126 3079 355 3155 metuentibus,
386 3080 499 3155 urbes,
532 3101 640 3162 agros,
672 3080 803 3160 oppida,
832 3101 867 3141 ac
885 3078 972 3141 vilius
990 3071 1138 3158 'depopu-

127 3183 246 3242 laturos
258 3201 333 3256 nos‚
345 3191 399 3242 arnt
407 3201 502 3264 quem
513 3181 748 3262 arripuissemus
759 3179 790 3241 in
800 3178 924 3240 vincula
934 3177 1136 3239 abducturos.

129 3281 171 3340 Et
188 3278 251 3361 jam
267 3281 397 3356 ridetis,
423 3301 488 3342 non
504 3279 641 3344 voluisse
659 3299 737 3352 nos,
764 3297 834 3339 cum
850 3289 883 3337 ct
896 3295 1078 3357 possemus,
1105 3284 1137 3335 et

128 3379 204 3442 nihit
222 3400 287 3442 non
313 3382 408 3443 licere
433 3379 525 3444 nobis
549 3378 667 3443 recenti
687 3376 751 3458 jam
775 3387 841 3436 tum
866 3375 977 3436 dolore
999 3371 1135 3454 perfusis

130 3481 300 3545 videretur.
338 3483 414 3564 Quae
428 3489 500 3544 cum
510 3482 553 3544 ita
569 3480 698 3554 sint,-et
708 3497 767 3538 vos
781 3473 981 3535 calamitatem
998 3485 1137 3535 nostram

129 3585 216 3647 velut
236 3603 433 3646 communem
449 3581 597 3656 doleatis,
626 3578 751 3641 tandem
767 3573 885 3656 aliquid
903 3573 1014 3633 audete
1032 3581 1138 3632 vestra

123 3663 259 3767 'dignun
275 3681 510 3766 magnitudine!
532 3681 604 3744 Sed
621 3678 681 3762 jorn
705 3688 799 3749 nutu,
829 3693 898 3758 quae
916 3680 1037 3733 mentes
1058 3669 1136 3764 sint,

129 3783 293 3865 perdidici.
331 3782 437 3845 Video
453 3791 637 3861 corrugatas
652 3779 789 3852 frontes,
810 3787 841 3837 et
851 3765 990 3839 districta
1005 3770 1036 3832 in
1052 3770 1137 3833 ilium

130 3881 305 3966 supercilii.
323 3882 430 3952 Video
443 3901 622 3964 compressa
633 3899 707 3954 ora,
730 3889 759 3940 et
774 3877 931 3958 obiiqruta
943 3873 975 3935 in
988 3871 1137 3953 impropi-

131 3983 201 4046 tiaru
221 3981 456 4046 meditationem
474 3981 584 4062 capita.
630 3978 737 4043 Video
756 3989 861 4040 truces
881 3982 1040 4057 aspectus,
1071 3991 1136 4034 non

163 4133 191 4198 ⁴)
213 4141 330 4198 bertram,
350 4139 457 4186 beluam.
