2624 5108
160 866 231 943 blo
466 862 594 938 oratio
618 860 866 942 Decimamm

159 1055 357 1124 indicendam
381 1075 479 1142 quum
500 1051 649 1118 universa
674 1052 774 1118 ablate
794 1054 889 1118 sunt?
935 1053 1022 1139 Quid
1047 1057 1181 1141 emplius

159 1159 244 1223 utho
260 1179 279 1224 a
295 1158 439 1221 Romanu
456 1156 588 1218 ecclesia
602 1152 765 1238 exigitur?
790 1155 877 1237 Quid
888 1157 969 1219 ultra
983 1157 1023 1219 cb
1037 1159 1181 1221 externis

160 1257 294 1339 petitur,
315 1277 413 1340 quum
426 1277 479 1332 se,
499 1265 531 1316 et
547 1275 604 1317 sus
618 1254 723 1317 omnia
738 1254 919 1318 dederunt?
948 1257 1040 1320 Felix
1054 1256 1181 1320 initium

158 1356 350 1421 serenissimi
368 1355 494 1432 Caroli,
515 1353 658 1416 catholici
672 1353 774 1436 regis,
794 1353 937 1416 feliciore
958 1377 1017 1420 nos
1034 1356 1179 1438 auspicio

157 1459 267 1520 trahat.
317 1455 494 1518 'l'urearum
522 1452 688 1536 imperium
715 1453 765 1515 ille
792 1453 894 1517 adhuc
925 1458 1178 1520 atlolescentulus

155 1558 338 1638 nuperrime
365 1553 399 1616 iu
426 1554 536 1618 Africa
555 1553 705 1627 extinxit,
726 1552 830 1634 pellite
848 1574 907 1615 ros
927 1558 1070 1637 Europt.
1107 1559 1176 1619 Nee

152 1656 250 1739 longe
269 1656 382 1718 obsunt
400 1653 535 1717 maxima
553 1670 688 1736 queque
707 1652 840 1732 praemia.
879 1655 1005 1718 Etenim
1025 1656 1175 1739 cupidine

152 1757 260 1838 glorie
279 1755 368 1817 ardet
387 1754 507 1816 animus
525 1771 687 1834 nunquam
706 1752 884 1828 honestior,
911 1775 1074 1838 nunquam
1095 1755 1185 1819 ioci

153 1856 215 1919 lior
234 1856 274 1917 ad
293 1873 445 1916 summam
458 1852 590 1937 gloriam
605 1850 657 1913 via
673 1851 765 1914 vobis
780 1853 889 1932 patuit.
928 1853 1173 1933 Capessentibus

153 1954 274 2038 quippe
283 1953 447 2015 Germanis
459 1942 697 2034 expeditionem
712 1953 745 2014 in
758 1955 897 2028 turcas,
916 1955 943 2017 si
958 1977 1027 2038 quse
1044 1978 1063 2017 s
1077 1955 1172 2019 nobis

153 2053 348 2128 dictasunt,
369 2052 462 2126 fient3
494 2071 640 2133 suprema
663 2071 722 2113 nos
746 2051 819 2114 belli
844 2064 986 2129 sutores,
1022 2065 1053 2116 ct
1072 2056 1172 2119 duces

153 2153 255 2236 gloria
274 2161 388 2214 manet.
432 2149 488 2214 Sin
513 2171 592 2213 vero
616 2152 724 2233 (quod
746 2151 835 2213 Deus
857 2155 976 2227 nolitl)
993 2151 1080 2217 irrite
1101 2174 1171 2216 esse

151 2251 333 2335 contingat,
369 2261 457 2331 parts
482 2245 544 2330 jam
571 2245 664 2311 vobis
691 2248 806 2312 indicta
835 2252 1040 2332 expeditione
1069 2249 1185 2336 glorie¹

151 2352 278 2435 integro
299 2351 385 2432 opud
406 2371 465 2414 eos
490 2347 657 2431 splendore
681 2349 833 2433 fulgebit,
866 2354 951 2414 nullo
970 2365 1102 2433 accepto
1123 2353 1171 2415 in·

150 2451 332 2514 commodo.
369 2447 402 2511 si
422 2469 555 2529 regnum
574 2446 744 2528 appetitur,
772 2449 812 2512 de
831 2453 1035 2533 propagando
1060 2466 1170 2515 restro

149 2549 285 2632 imperio
307 2547 420 2634 agitur.
459 2550 491 2610 Si
512 2560 666 2611 terrarum
685 2549 770 2610 orbis
790 2570 855 2611 non
874 2551 999 2626 sufficit,
1026 2564 1169 2631 paratum

151 2649 243 2713 vobis
256 2672 274 2712 a
287 2647 512 2736 constitutione
529 2647 638 2710 mnndi
655 2649 779 2711 coeleste
795 2669 928 2731 regnum
945 2650 1044 2714 adest.
1081 2653 1115 2714 Si
1134 2651 1170 2715 in

149 2748 201 2831 jus
220 2769 314 2811 eausa
330 2746 512 2821 deducitur,
532 2746 670 2810 adstricti
687 2749 760 2812 estis
779 2771 838 2828 pro
853 2749 970 2812 Christi
987 2749 1116 2813 nomine
1130 2766 1182 2815 ια’

149 2850 213 2912 lide
231 2848 348 2911 bellum
365 2846 462 2921 inire,
484 2847 743 2929 quandoquidem
759 2849 847 2928 prior
867 2849 933 2929 ipse
951 2850 1023 2913 Rex
1040 2852 1169 2934 Regum

147 2969 244 3012 cereas
268 2945 399 3029 proprio
424 2947 591 3029 sanguine,
624 2967 660 3008 sc
682 2968 775 3010 cruce
795 2958 964 3027 potestates
987 2949 1166 3027 debellavit,

147 3059 184 3109 ut
204 3069 264 3109 nos
283 3049 323 3109 de
342 3047 473 3127 perenni
494 3047 677 3128 captivitate
698 3046 731 3108 in
756 3048 928 3109 libertatem
949 3049 1086 3111 fitiorum
1101 3046 1167 3111 Dei

145 3146 292 3210 referret.
320 3144 359 3208 In
370 3166 464 3210 manu
477 3146 574 3230 igitur
591 3155 696 3206 vestra
707 3148 897 3226 populorum
910 3147 1052 3223 libertas,
1071 3158 1171 3232 atquc

145 3251 229 3311 solus
247 3268 319 3311 cum
342 3245 444 3328 posita
459 3245 522 3320 sit,
543 3243 709 3319 exaudite,
740 3244 956 3327 benignissimi
988 3246 1168 3330 Principes,

145 3370 217 3410 nos.
248 3345 384 3427 Applico
402 3345 529 3407 nominc
550 3364 609 3422 pro
628 3343 775 3405 universa
795 3345 925 3407 ecclesio
944 3346 1168 3428 supplicantes.

145 3443 344 3507 Miseremini
364 3441 455 3503 sintul
470 3440 533 3520 jam
550 3451 641 3501 vaste
658 3443 863 3506 multitudinis
882 3444 1000 3529 absque
1018 3447 1168 3529 baptismi

144 3536 245 3624 gratis
275 3545 307 3602 in
341 3558 460 3602 aeternae
494 3539 603 3601 mortis
635 3536 794 3603 interitum
824 3545 998 3627 praecipitis.
1051 3545 1168 3629 Siquid

143 3640 200 3704 uni
219 3661 261 3702 ex
279 3637 414 3702 minimis
434 3636 474 3702 sit
492 3639 623 3714 lectum,
660 3637 720 3704 sibi
744 3640 860 3704 lachim
885 3656 992 3708 censet
1018 3645 1166 3712 Christus

142 3741 311 3807 Dominus.
339 3739 456 3819 otianti
468 3739 624 3803 {aetrnum
638 3741 752 3822 putetis
767 3741 869 3818 illum,
886 3745 973 3826 quod
991 3744 1164 3822 innumeris

141 3841 208 3905 suis
219 3840 358 3909 ecelesiis
371 3851 433 3902 tam
445 3840 557 3923 ingens
566 3839 754 3902 beneficium
768 3844 912 3904 collatum
924 3842 1029 3905 luerit.
1045 3846 1163 3917 Vobis·

142 3964 217 4005 cum
236 3942 349 4024 igitur,
370 3939 445 4022 quia
463 3940 571 4021 partiri
591 3960 699 4013 curos,
720 3951 751 4001 et
770 3961 874 4002 rerunt
889 3945 1003 4004 molem
1021 3965 1164 4011 summus

142 4041 262 4105 Christi
285 4041 394 4102 orium
414 4051 521 4120 pastor
540 4037 717 4113 desiderat,
746 4039 785 4098 ab
804 4040 947 4122 utrisque
971 4054 1099 4121 praeest,
1128 4060 1166 4107 nt

142 4162 220 4205 ores
248 4151 477 4223 protegantur,
508 4150 539 4200 et
566 4135 632 4217 lupi
659 4149 838 4213 arceantur,
867 4140 905 4199 ab
925 4141 977 4202 illo
1001 4163 1117 4219 cruce,
1145 4165 1166 4208 a

141 4241 234 4304 vobis
253 4240 378 4322 gladio,
407 4260 473 4321 quo
493 4237 552 4300 snb
573 4247 706 4318 utraque
725 4238 922 4319 protectione
943 4241 1098 4322 quietam,
1131 4253 1167 4305 et

140 4339 339 4424 tranquillam
356 4340 453 4401 vitam
469 4336 687 4418 transigamus.
706 4377 744 4391 -
766 4348 860 4404 Dixi.
