2624 5108
517 718 735 877 Cepuionis.
1069 787 1141 863 375

110 971 194 1028 Lete
212 973 314 1036 melo,
341 987 460 1042 cunque
478 972 558 1026 haud
575 973 688 1043 possit,
707 988 785 1044 quoe
801 974 927 1052 pepdere
945 974 1047 1030 vellet.

110 1066 277 1140 Quassatos
297 1067 375 1119 acuit
394 1067 484 1121 tacito
502 1065 560 1120 sub
576 1081 733 1121 murmure
753 1067 867 1122 dentes.

110 1160 265 1227 Sanguinis
283 1160 355 1213 huic
372 1160 444 1214 nihil
462 1170 526 1228 est,
543 1160 616 1214 nihil
636 1160 712 1212 intre
728 1159 846 1214 viscere
864 1161 967 1228 succi,

110 1252 192 1307 Felle
210 1252 290 1319 viget
308 1254 395 1320 solo,
413 1253 551 1325 piceique
569 1253 706 1308 elimenta
723 1252 832 1306 veneni

110 1345 251 1400 Esuriem
269 1345 410 1412 vineunt,
428 1346 480 1400 sed
498 1362 568 1400 eum
586 1347 649 1399 siue
668 1344 796 1414 tegmine
814 1353 875 1399 tres
893 1344 969 1413 sint,

111 1438 184 1493 Haec
203 1438 376 1506 ferrugineo
395 1438 460 1492 sole
479 1445 523 1493 est
539 1438 687 1492 velamine
706 1438 812 1497 cinctu.

109 1531 236 1586 Fercule
254 1531 430 1602 spectastis,
450 1532 520 1585 loete
537 1532 645 1595 ermis,
664 1533 735 1590 loete
755 1530 861 1586 rumis.

111 1623 262 1696 Quodque
281 1625 361 1677 hosti
380 1624 532 1694 spolium,
552 1640 678 1694 quaeque
697 1633 742 1678 est
761 1623 857 1677 ablata
874 1624 1020 1696 supellex.

110 1717 233 1770 Hostica
253 1726 284 1769 ut
303 1717 383 1771 veris
401 1716 571 1771 concedant
588 1718 709 1771 numine
726 1716 813 1771 divis.

109 1808 204 1878 quue
226 1809 280 1863 fuit
297 1817 424 1876 gratum.
460 1809 552 1865 Nune
570 1810 676 1864 deiude
693 1809 847 1880 sequentis
866 1809 948 1865 cives

110 1900 262 1972 Aspicite,
286 1911 373 1973 atquc
390 1901 476 1956 hilari
496 1902 683 1974 capnionem
700 1901 847 1959 accersite
866 1903 983 1975 plausu.

177 2086 350 2156 Dicendo,
373 2088 397 2142 si
419 2103 452 2142 se
469 2087 553 2142 novit
571 2087 753 2157 Germania,
772 2089 861 2144 dicet.

109 2180 202 2254 Quod
223 2182 315 2251 cupiit
333 2182 444 2234 factum
463 2188 522 2247 eet,
546 2179 688 2250 depressa
707 2182 833 2237 minoeia
855 2180 992 2277 Fretprm

110 2274 194 2328 Colla
212 2274 308 2328 tulere
323 2274 451 2341 jugum,
474 2282 538 2327 tum
556 2289 621 2343 que
632 2275 756 2328 servire
772 2272 942 2341 negabant,

110 2367 272 2432 Cervices,
297 2367 416 2419 demite
435 2376 520 2433 stent,
539 2366 567 2420 in
586 2367 737 2443 spectacla
755 2364 871 2431 coacti,

106 2458 147 2514 Et
164 2459 257 2513 rubidi
279 2461 405 2525 fratres,
429 2468 459 2512 et
476 2469 607 2512 eruentes
624 2475 700 2512 vene
718 2456 877 2529 sophista.

106 2551 240 2621 Lugeat,
259 2560 288 2604 et
306 2552 442 2623 planetus
463 2550 687 2622 Agrippinensis
706 2548 853 2617 acerbos,

104 2645 168 2701 Det
186 2646 311 2712 schola,
330 2645 485 2715 humoque
504 2643 614 2699 ocules
633 2644 737 2711 lugens
758 2642 884 2712 deliget,
904 2648 934 2696 et
950 2640 1040 2712 hujus

10 2776 13 2787 ·
107 2736 287 2794 Poenituisse
305 2738 393 2805 meli,
412 2736 461 2791 det
477 2737 578 2806 sigua,
599 2743 747 2809 etaperts
764 2736 912 2806 relinquet

105 2830 230 2886 Erroris
248 2830 432 2884 monimenta
450 2829 514 2898 sui,
536 2826 714 2898 veniamque
731 2836 892 2898 precetur,

105 2923 145 2978 Et
163 2939 268 2994 pacem
287 2923 414 2990 infelix,
433 2920 608 2977 undeunde
626 2930 826 2992 extorqueat,
845 2929 932 2989 oret,

105 3015 207 3069 Dedat
226 3016 360 3086 captivos
379 3015 485 3083 etiem,
504 3030 558 3071 sue
576 3014 702 3069 crimine
721 3015 829 3071 fratres

105 3107 259 3162 Dominiei
273 3128 285 3175 ,·
304 3117 469 3178 torvosque
487 3107 572 3161 ucles
589 3107 712 3162 crudele
729 3107 890 3177 sophistas.

106 3201 205 3255 Dedat
224 3216 313 3272 opem
332 3200 356 3253 ei
375 3200 441 3268 quie
459 3199 588 3269 tulerat,
605 3200 683 3255 feret
699 3200 800 3255 omnis
818 3200 963 3271 supplex,

105 3290 214 3349 Foedus
232 3293 354 3347 adorato
374 3292 481 3346 saltem
496 3299 532 3346 ut
547 3290 703 3366 capnione
720 3301 866 3368 reportet.

175 3477 275 3550 Quam
295 3475 397 3529 mullet
413 3476 521 3549 laqueo
538 3479 630 3539 vitem
644 3482 765 3551 finisse,
781 3484 831 3540 vel
850 3483 934 3552 ensi,

107 3568 295 3641 Quocunque
313 3568 483 3638 impellente
499 3586 607 3641 manu,
624 3575 701 3630 letus
719 3576 835 3631 obdere
853 3584 988 3647 apertum

107 3662 202 3717 Teter
220 3662 441 3729 Hogostretus,
460 3679 548 3733 quem
566 3682 677 3736 pompe
700 3665 835 3721 inducier
851 3667 917 3723 istc.

106 3755 163 3809 Sed
182 3771 280 3824 neque
299 3753 464 3826 perditior,
482 3771 584 3827 neque
600 3757 803 3829 perniciosior
819 3758 893 3812 elter

107 3849 140 3901 ln
162 3848 314 3918 Capniona
332 3847 407 3917 fuit,
423 3856 516 3917 tune,
536 3863 607 3905 cum
624 3857 675 3917 tu,
694 3849 809 3921 perdite
821 3848 925 3917 judex·

107 3938 219 3994 Lectus
229 3960 238 4008 ;
258 3951 287 3995 et
305 3941 442 3997 absurdis
459 3942 488 3997 in
506 3941 607 3997 litibus
624 3942 737 3999 arbiter
756 3956 851 3997 esser.

107 4033 189 4088 Idem
209 4044 378 4091 aecusator.
412 4035 495 4105 Dic,
513 4051 575 4108 quo
593 4052 703 4092 verene
720 4035 867 4108 pudorem

107 4124 177 4179 Fert
195 4143 319 4182 omnem
336 4127 390 4183 tibi
407 4128 487 4184 livor
504 4129 604 4186 edexl
621 4130 635 4186 1
652 4129 768 4202 perdite
783 4125 904 4182 vinclis*
970 4148 982 4175 κ

106 4219 195 4274 Nexe
215 4223 294 4275 feras
311 4230 382 4291 post
398 4232 482 4291 terge
497 4236 623 4291 turnus,
642 4222 679 4279 tle
694 4230 777 4293 grets
794 4217 893 4276 ruenti

108 4315 183 4368 Ante
202 4323 271 4370 tuos
288 4302 401 4369 trecente
418 4314 522 4370 socios
532 4355 543 4385 ,
562 4317 732 4388 spectacula
749 4315 852 4384 vulgo.

107 4405 150 4459 lte
165 4407 243 4462 Deis
261 4407 381 4463 inimice
399 4409 532 4480 cohors,
551 4420 650 4467 tmen
672 4411 710 4465 ite
730 4409 894 4483 sophistae,
