2624 5108
483 827 621 903 Oratio
645 822 832 909 Secunda,
1121 831 1167 905 97

156 1025 312 1113 quedam,
332 1033 385 1089 aut
402 1023 513 1088 saltem
533 1022 573 1085 ad
591 1032 771 1086 exterarum
783 1020 925 1105 gentium
940 1022 1083 1087 notitiam
1101 1044 1168 1087 non

150 1131 355 1215 perveniant,
384 1148 454 1211 quse
481 1125 539 1188 iste
565 1123 704 1207 flagitia,
736 1144 814 1206 quas
834 1122 1064 1202 turpitudines,
1098 1148 1168 1211 quae

150 1232 262 1316 ignota
279 1227 367 1309 prius
386 1225 561 1291 Gennanise
579 1223 695 1307 flagitia
716 1222 851 1286 admisit.
886 1221 949 1285 Ubi
963 1224 990 1285 si
1005 1242 1043 1286 ea
1058 1225 1166 1288 dicere

150 1332 283 1405 vellem,
312 1348 382 1412 que
406 1326 467 1391 iste
488 1325 597 1388 audire
623 1335 745 1404 posset,
775 1343 837 1404 ego
859 1321 934 1383 citra
952 1323 1087 1404 pudoris
1104 1326 1169 1387 mei

153 1430 305 1512 jacturam
321 1424 412 1511 loqui
430 1445 496 1488 non
514 1440 660 1505 possum,
685 1433 816 1505 quantas
838 1423 1008 1498 Germani,
1034 1422 1168 1507 Tugur-

153 1530 222 1594 dias
239 1516 432 1591 moverem?
459 1546 552 1609 quam
577 1542 733 1586 novarum
751 1524 986 1605 improbitatum
1005 1522 1170 1604 spureissi-

153 1653 235 1695 mam
262 1627 377 1692 laciem
411 1623 629 1688 ostenderem?
674 1635 826 1707 quantum
857 1645 916 1687 vos
947 1644 1168 1705 exasperarem

151 1726 252 1794 odio?
295 1746 391 1811 quam
427 1724 519 1793 istum
547 1723 729 1792 relricarem
760 1729 957 1788 cbmmunem
994 1725 1168 1789 dolorem?

149 1826 334 1895 Continebo
363 1825 469 1909 itaque
500 1846 573 1899 me,
604 1837 635 1888 et
664 1846 843 1909 quanquam
862 1827 894 1888 in
914 1848 1036 1891 summo
1057 1827 1168 1889 dolore

147 1948 240 2006 meo,
278 1923 498 1989 ardentissimo
535 1925 748 2009 persequendi
781 1927 865 1989 hunc
899 1926 1005 1989 studio
1040 1938 1168 2002 tenear,

149 2028 276 2093 decoris
308 2037 410 2088 nmen
441 2022 505 2088 mei
531 2045 597 2087 non
625 2025 801 2089 obliviscar.
848 2027 916 2088 Nec
942 2038 1061 2090 tantum
1085 2028 1170 2091 hunc

149 2130 269 2204 odero,
301 2137 337 2188 ut
354 2125 473 2209 pudori
497 2125 645 2188 adverser
663 2146 753 2201 meo,
785 2126 933 2211 daboque
953 2148 1101 2209 operam,
1133 2138 1170 2188 ut

150 2252 219 2313 quare
237 2227 333 2290 istum
353 2226 462 2288 facere
480 2244 546 2287 non
565 2223 696 2304 puduit,
717 2246 767 2288 me
783 2226 889 2289 dicere
902 2228 1031 2308 pudeat.
1064 2224 1168 2288 Vobis

151 2326 317 2409 indignum
346 2323 497 2408 principis
527 2322 659 2389 lemine
681 2346 804 2403 casum,
838 2327 894 2410 qui
921 2346 970 2388 me
997 2345 1169 2408 quoquea

154 2424 328 2489 domestico
344 2424 455 2488 dolore
471 2426 620 2504 tantisper
640 2426 804 2501 abstraxit,
825 2428 1026 2490 commendo.
1064 2429 1168 2506 Quam

151 2520 218 2602 ille,
238 2523 313 2611 quia
330 2524 363 2586 in
382 2545 469 2586 suam
488 2523 713 2607 turpitudinem
734 2530 826 2609 quam
846 2527 1057 2602 consentiret,
1085 2524 1168 2589 mori

149 2628 238 2709 prius
268 2623 387 2701 voluit,
418 2623 636 2705 impudicitiae,
669 2644 705 2685 ac
732 2624 844 2706 probri
868 2626 1049 2692 insimulare
1072 2647 1167 2691 atrsus

151 2739 209 2790 est.
247 2726 363 2788 Etboc
382 2723 466 2806 egit,
487 2737 523 2788 ut
541 2725 567 2786 si
587 2725 792 2805 processisset
810 2724 942 2791 immane
960 2728 1037 2791 illud
1058 2727 1168 2791 interi·

127 2872 129 2876 »
152 2824 258 2891 mendi
271 2823 452 2902 consilium,
464 2826 688 2907 deprehensam
698 2827 731 2889 in
744 2829 849 2911 aliquo
857 2848 989 2912 magno,
1001 2850 1037 2892 ac
1047 2848 1167 2893 memo-

148 2924 240 2989 rabili
264 2926 388 2989 sceiere
413 2926 676 2991 commisceretur.
717 2928 814 3010 Quod
839 2929 889 2992 ills
912 2929 1070 3004 sentiens,
1100 2949 1168 2990 non

146 3038 285 3091 mortem
302 3026 405 3111 fugit,
437 3048 532 3111 quam
550 3048 731 3090 aerumnosae
750 3027 839 3109 prius
858 3027 928 3091 vitae
953 3052 1034 3113 saepe
1053 3040 1167 3113 practu-

150 3129 245 3203 lerat,
274 3128 333 3190 sed
351 3125 509 3189 infamiam
536 3147 571 3188 ac
597 3126 752 3203 dedecus,
785 3125 955 3215 conjuncta
979 3132 1075 3194 morti
1093 3129 1168 3195 huic

150 3227 230 3289 mala
257 3226 434 3289 declinavit.
481 3229 524 3289 Et
548 3225 630 3289 mori
659 3226 786 3290 fortiter
811 3247 846 3288 se
879 3228 1007 3311 quidem
1035 3227 1167 3310 (liguum

148 3325 261 3402 duxit,
299 3326 375 3391 dare
405 3338 507 3390 autem
533 3336 621 3388 tanto
648 3326 759 3389 sceleri
787 3326 1004 3401 occasionem,
1034 3336 1067 3386 et
1093 3337 1167 3387 ente

147 3438 223 3491 acte
235 3423 307 3493 vite
322 3427 464 3490 fructum
474 3426 626 3505 perdere,
643 3426 811 3509 degeneris
821 3448 858 3490 ac
867 3448 978 3490 verum
990 3427 1087 3490 decus
1100 3447 1169 3489 non

148 3527 352 3611 agnoscentis
380 3525 476 3589 anirni
501 3521 662 3605 judicavit.
701 3528 778 3607 Quae
798 3528 873 3610 quis
892 3527 988 3602 vivit,
1019 3537 1051 3590 et
1072 3525 1167 3607 hujus

151 3646 260 3690 manus
288 3625 418 3708 elingit,
454 3636 487 3688 et
513 3646 554 3688 ne
580 3644 719 3707 unquam
751 3624 881 3707 incidat,
922 3630 1168 3695 fortissimorum

150 3726 281 3791 frattina
299 3726 447 3810 praesidio
467 3737 680 3808 comparatum
699 3737 762 3804 est,
792 3740 825 3791 et
844 3731 935 3813 quia,
963 3731 1167 3815 quemadmo-

148 3828 226 3891 dum
252 3826 389 3902 vixerit,
420 3837 564 3889 testatum
595 3824 742 3904 babetur,
776 3828 991 3912 quoniamque
1018 3831 1166 3914 pestilens

150 3926 335 3991 atrocissimi
350 3926 504 3990 carnificis
518 3925 683 3989 consilium
698 3927 731 3989 in
742 3930 844 3990 lucem
864 3928 1009 4006 emersit,
1031 3929 1166 4012 ejusque

141 4028 231 4091 odio
250 4039 315 4091 tota
333 4030 423 4093 ar'det
442 4027 627 4103 Germania,
649 4048 758 4090 omnes
771 4026 911 4091 fremunt
923 4029 1067 4102 ordines,
1089 4026 1167 4109 quid

145 4125 237 4192 aliud
264 4128 380 4193 decere
407 4148 466 4191 vos
495 4125 703 4205 arbitramini,
738 4150 833 4214 quam
861 4138 897 4191 ut
924 4126 1017 4193 istum
1043 4147 1166 4207 semper

147 4230 214 4292 tale
230 4229 349 4313 aliquid
372 4228 589 4306 meditantem,
622 4227 802 4295 maturrime
829 4252 847 4293 e
870 4228 974 4292 medio
995 4224 1166 4291 arderetis?

152 4332 335 4415 Quousque
348 4330 433 4395 enim
452 4329 582 4394 dillertis
603 4328 664 4392 hoc
682 4326 852 4407 judicium,
874 4340 905 4391 et
925 4327 1097 4408 respirandi
1115 4326 1167 4391 isti

153 4433 354 4497 occasionem
372 4429 478 4498 datis?
515 4426 647 4511 lamiam
672 4447 693 4491 ο
720 4427 869 4493 Germani
898 4439 1073 4513 prostratus
1105 4428 1164 4493 iste

181 4584 250 4632 sna
268 4585 313 4643 ορ.
330 4584 359 4634 n.
377 4588 409 4645 rr.
785 4553 807 4625 l
