2624 5108
1155 386 1205 479 e-

138 850 211 924 sre
536 839 756 940 sirempse

141 1036 277 1095 obscuri
294 1035 505 1111 proditelviri,
523 1035 612 1089 turba
629 1034 726 1103 indiga
743 1032 836 1100 lucis,

141 1132 176 1187 ln
194 1132 276 1185 nulio
296 1139 412 1183 versata
432 1129 499 1194 die,
517 1126 635 1199 prodite
652 1126 819 1197 Sophiste,

142 1222 295 1280 Lustrales
319 1225 440 1281 animas,
458 1220 642 1290 scelerisque
660 1217 775 1288 piacula
792 1215 874 1272 nesi.

142 1317 187 1370 lte
205 1331 310 1384 graves
328 1314 496 1375 Monaehi,
514 1328 582 1367 narn
600 1327 666 1382 quas
684 1312 797 1366 mora?
819 1309 962 1365 convolat
979 1309 1078 1363 omnis

142 1409 181 1463 L'r
200 1410 296 1462 videat
316 1406 454 1478 populus.
493 1406 556 1459 Vos
574 1422 655 1460 nune
672 1404 815 1459 miracula
835 1415 917 1456 reete

143 1500 223 1557 Facti
244 1502 333 1566 estis,
353 1511 434 1570 parta
453 1512 496 1552 est
512 1515 593 1553 nuno
613 1499 742 1569 primum
759 1497 849 1565 grstia
868 1495 976 1563 vobis,

144 1594 256 1648 Verum
277 1593 354 1645 inter
372 1593 473 1647 socios
491 1591 658 1662 sapientum
678 1601 822 1657 octavus,
842 1601 870 1643 et
888 1590 948 1644 alto

145 1687 268 1742 'Ierrius
286 1703 301 1738 e
322 1686 398 1739 cosio
419 1685 519 1754 lapsus
539 1686 632 1752 Cato,
650 1683 773 1739 nomine
791 1684 897 1751 gaudet

144 1778 239 1835 Dives
259 1779 458 1846 iiogosaratus
479 1777 635 1849 peregriua
652 1776 689 1830 ah
707 1775 822 1844 origine
844 1784 987 1844 sumpto,

115 1936 117 1943 Ι
140 1871 200 1926 Vei
219 1873 312 1938 Caro,
332 1871 380 1925 vel
399 1876 497 1926 cacus
515 1870 649 1935 dicetur,
667 1869 721 1924 sod
739 1880 812 1942 puro
832 1866 956 1923 Cacum.

146 1964 209 2020 Ore
229 1963 418 2018 exhalantem
438 1964 559 2019 iurisies
577 1963 678 2018 dioere
696 1962 845 2029 flammas,

146 2056 339 2123 Praestiterit,
362 2059 472 2111 sanetis
492 2056 609 2109 inimica
628 2054 762 2109 incendia
783 2053 880 2109 Musis
891 2092 901 2121 ,

147 2148 343 2204 Mandentem
362 2147 471 2215 cruda,
494 2158 523 2202 et
538 2147 658 2215 libros,
677 2147 819 2218 ipsosque
839 2153 996 2200 vorantem

147 2241 460 2323 Librorum-autores.
496 2241 594 2295 Vome
613 2239 751 2312 perdite,
771 2250 800 2293 ot
818 2254 905 2307 egere
924 2246 1060 2310 sumptos

147 2337 274 2391 Assueta
293 2330 360 2404 pius
378 2344 460 2403 parte
479 2331 575 2388 eibos.
615 2332 797 2389 confundite
814 2347 924 2386 suecos

149 2426 177 2482 O
196 2427 323 2492 medici,
342 2425 466 2480 miscete
483 2425 612 2492 herbas,
631 2423 792 2485 absorbeat
809 2440 887 2491 aeger

149 2519 201 2574 Bis
219 2516 278 2573 duo
296 2517 406 2573 veretri
428 2518 541 2590 pondo.
576 2518 645 2574 Nisi
664 2519 779 2573 viscera
799 2528 923 2589 purget,

150 2611 210 2666 Vix
229 2611 367 2681 equidem
385 2626 490 2682 speres
508 2611 555 2666 isti
573 2626 731 2682 superesse
751 2610 927 2682 triumpho,

150 2704 190 2760 Ut
208 2703 329 2770 fremit,
347 2711 379 2757 ut
397 2703 481 2758 ierus
500 2713 567 2773 est,
588 2712 621 2758 ut
638 2719 671 2759 ss
689 2703 855 2772 indignatur
873 2703 902 2758 in
919 2703 982 2759 istis
1049 2717 1053 2721 ’

150 2795 282 2869 Spectari
301 2794 440 2861 choreis,
463 2797 608 2868 ferroque
626 2804 656 2853 et
673 2794 743 2851 fune
762 2795 863 2864 ligari,

149 2887 287 2944 Exeorni
308 2888 371 2957 jam
391 2887 491 2942 fronte
510 2890 612 2945 minax
656 2889 705 2945 Da
725 2904 839 2944 cornua
858 2887 962 2954 fronti,

150 2981 199 3036 Da
218 2980 313 3048 digitis
330 2996 466 3048 ungues,
489 2983 653 3038 vecordem
669 2980 790 3051 Jupiter
809 2996 908 3048 arma,

152 3074 191 3126 Ut
209 3083 351 3142 quantum
372 3073 502 3141 sotira,
520 3083 633 3130 tantum
654 3072 690 3128 sit
708 3070 848 3143 roboris,
866 3071 921 3126 ibit

154 3165 268 3220 Saevior
287 3164 392 3220 excitis
411 3166 578 3223 Remorum
596 3183 613 3220 e
631 3164 784 3221 meatibus
802 3164 903 3230 ursis,

154 3244 336 3330 Tigrideque
355 3259 512 3329 Hyrcana,
534 3259 558 3314 si
577 3259 705 3329 quando.-
714 3257 845 3314 amiserit
862 3257 970 3314 absens

154 3351 297 3406 imbelles
316 3352 453 3417 catulos,
473 3349 584 3405 Poenos
601 3365 743 3422 superare
762 3351 885 3416 icones,

155 3443 214 3517 Qui
235 3443 328 3513 possit
347 3442 433 3493 furor
451 3450 518 3506 est,
538 3444 673 3515 Airoquc
692 3442 829 3498 ferocior
847 3458 961 3511 augus,

153 3533 192 3589 Et
213 3550 317 3586 morsu
336 3541 460 3602 petere,
478 3543 507 3588 et
519 3536 645 3604 jaculari
664 3553 680 3590 c
700 3538 786 3590 fauce
806 3551 974 3603 venenum,

154 3625 215 3679 Die
235 3624 341 3695 aliquid
362 3641 446 3680 sacra
464 3627 501 3681 de
520 3629 664 3698 reiigione
683 3629 813 3701 Deoque
826 3610 846 3698 ,⁷

155 3717 216 3771 Die
237 3716 349 3789 hospes
367 3735 472 3788 magua
493 3721 530 3776 de
548 3739 581 3776 re
592 3763 601 3792 ‚
623 3721 761 3778 clamabit
780 3723 815 3777 ad
833 3722 947 3790 ignem,

157 3811 196 3866 Et
213 3810 311 3865 subito
331 3811 470 3869 damnare
491 3815 593 3885 volet,
612 3817 636 3871 si
656 3815 833 3888 scripseris,
852 3814 950 3882 idern,

127 3942 134 3953 ·
158 3904 197 3960 Et
215 3913 243 3961 te
261 3904 465 3976 scribentem,
483 3919 513 3963 et
529 3909 661 3980 scriptos
679 3908 802 3963 abolere
820 3906 940 3961 libellos

160 3999 231 4066 Igne
249 3998 353 4066 volet,
375 4008 482 4070 poscet
498 4001 649 4068 flammas,
667 3999 806 4055 clamabit
824 3998 860 4053 ad
878 3997 995 4068 ignem,

161 4091 188 4144 Si
207 4107 312 4145 rerum
331 4102 376 4147 est
394 4092 512 4162 ignem,
531 4093 555 4148 si
575 4093 682 4148 falsum
699 4091 859 4158 scribitur,
880 4091 990 4159 ignem.

161 4182 188 4237 Si
205 4182 318 4252 justum
339 4193 401 4251 est,
423 4185 539 4253 ignem:
560 4186 586 4241 si
603 4187 761 4255 injustum,
780 4186 861 4256 quod
881 4185 955 4240 sacis
965 4225 976 4254 ,
994 4184 1103 4254 ignem.

162 4277 267 4344 Igneus
287 4285 331 4331 est
348 4285 448 4343 totus,
466 4286 553 4332 vorat
570 4279 690 4349 ignem,
708 4278 838 4334 vescitur
855 4277 925 4347 igni.

165 4370 271 4440 Igneus
288 4379 332 4425 est
350 4369 475 4442 pulmo,
493 4371 644 4445 spiratque
666 4390 682 4428 e
700 4380 816 4441 gutture
833 4371 994 4426 flammam.

162 4462 233 4529 igne
246 4464 356 4532 jecur,
376 4463 549 4521 stomachus
569 4467 646 4522 calet
661 4466 749 4537 igne,
766 4465 831 4539 ipss
848 4463 949 4521 omnia
965 4462 1071 4521 adurit.
