2624 5108
195 865 265 940 ln
452 865 495 939 Ia
517 863 674 945 libellum
697 863 807 936 Laus.
832 861 942 937 Vallat

195 1070 253 1123 est.
291 1060 333 1122 At
352 1076 435 1121 natue
450 1076 531 1120 vers
552 1057 641 1121 liberl
660 1074 782 1132 snmus,
811 1055 887 1138 quia
904 1075 1012 1135 pacem
1035 1053 1205 1127 hebernus,

196 1170 290 1241 qnam
326 1161 491 1233 habentes,
538 1159 623 1238 pacis
664 1176 794 1240 quoqne
836 1155 1051 1219 adhibebimus
1091 1153 1206 1216 studia.

196 1259 292 1337 Quod
312 1261 371 1327 snb
398 1271 486 1325 Jnlto
512 1259 608 1342 igitur
633 1259 787 1321 bellorum
805 1268 934 1320 anctore
953 1276 1020 1319 non
1037 1254 1145 1329 licuit,
1169 1263 1208 1316 nt

193 1370 277 1421 esset
307 1362 370 1420 haec
399 1359 619 1442 tranquillitas,
663 1359 697 1420 id
725 1360 785 1420 snb
816 1370 848 1421 te
880 1356 969 1437 pacis
994 1365 1207 1418 restauratore

193 1460 430 1539 usurpabimus,
457 1472 495 1523 nt
522 1460 555 1521 in
580 1458 677 1521 literis
702 1458 972 1541 conquiescamus.
1011 1455 1153 1519 Proinde
1171 1453 1207 1517 in

191 1560 294 1622 lacent
314 1562 463 1638 prodeat,
497 1558 523 1620 si
553 1558 630 1641 qnid
656 1557 712 1621 diu
737 1557 841 1634 latuit,
872 1569 903 1620 et
931 1554 1109 1636 eomajori
1134 1574 1208 1617 cum

191 1659 319 1721 fiducia.
341 1661 488 1739 prodeat,
532 1671 650 1743 quanto
681 1659 823 1743 quidque
855 1658 979 1733 verius,
1019 1666 1205 1740 quartoque

191 1758 314 1822 nocere
332 1760 429 1843 magis
450 1760 600 1839 scriptum
625 1771 681 1822 cst.
720 1759 828 1839 Qualis
847 1758 897 1821 hic
916 1769 964 1818 est
981 1757 1079 1832 liber,
1110 1776 1211 1838 quent

192 1857 243 1920 alii
268 1858 387 1922 idcirco
414 1881 479 1923 nou
506 1863 645 1922 tulerunt
663 1858 950 1941 pontifioas‚·quia
964 1878 1078 1920 verum
1096 1854 1208 1917 audire

191 1960 376 2034 noluerunt,
408 1973 444 2023 tn
469 1961 587 2023 idcirco
615 1960 747 2034 amabis,
779 1959 854 2042 qnia
881 1945 1019 2020 veritatis
1048 1955 1112 2033 jam
1135 1965 1209 2019 aute

191 2060 340 2141 poculum
359 2060 450 2122 nobis
469 2060 652 2142 propinasti.
690 2064 770 2124 Nam
788 2060 828 2121 sd
846 2071 879 2122 te
891 2057 1023 2127 meliore
1042 2056 1209 2120 conscien-

189 2159 233 2221 tia
259 2161 440 2241 pontificem
468 2163 546 2243 qnid
571 2161 723 2242 pertinet,
756 2161 845 2243 quod
868 2170 979 2221 contra
1004 2154 1208 2220 ecclesiastici

189 2271 287 2324 status
316 2260 497 2342 dignitatem
525 2261 659 2342 scriptus
690 2261 729 2323 ab
756 2260 813 2322 illis
832 2257 1021 2322 terebatur?
1053 2266 1108 2319 ant
1125 2255 1207 2338 qnid

189 2359 221 2422 in
241 2361 413 2424 Pontifices
438 2362 623 2424 maledicum
650 2381 720 2425 esse
746 2359 915 2423 dicebant?
947 2359 1101 2421 Prolecto
1122 2361 1208 2424 onim

189 2480 296 2541 neque
315 2462 446 2524 luerunt
466 2463 631 2544 pontifices
655 2461 722 2536 itti,
750 2463 805 2543 qni
824 2463 983 2524 linxerunt
1005 2470 1208 2525 Constantini

189 2561 409 2642 donationem,
438 2563 511 2646 qnia
531 2575 672 2643 pastores
692 2583 758 2624 non
776 2561 924 2634 frieruntr
952 2581 1056 2644 neque
1076 2560 1207 2651 ecclesia

189 2660 269 2737 luit,
297 2685 366 2744 quac
387 2682 459 2724 cnm
480 2663 618 2744 accepit,
641 2663 717 2746 quia
736 2662 853 2726 Christi
873 2662 1011 2727 fidelium
1029 2672 1205 2724 conventus

189 2783 255 2824 non
281 2762 351 2825 luit.
400 2763 432 2824 Si
463 2764 596 2825 fuissent
624 2776 765 2844 pastores
800 2763 899 2837 sitim,
939 2762 1097 2842 pavissent
1126 2782 1204 2825 oves

194 2862 329 2939 Christi,
374 2885 440 2925 nou
469 2865 653 2926 devorando
683 2865 880 2928 invasissent.
935 2865 977 2925 Et
1006 2862 1034 2924 si
1069 2863 1205 2925 ecelesia

187 2962 317 3037 fnisset,
345 2965 457 3047 ntique
484 2977 629 3028 vocasset
656 2966 809 3027 advitam
832 2976 863 3026 ot
882 2964 1054 3024 libertatem
1075 2975 1206 3045 gentes,

187 3083 255 3126 non
280 3065 340 3125 snb
366 3062 477 3147 juguni
502 3066 648 3128 traxisset
675 3064 804 3144 imperia
830 3076 862 3124 ct
888 3063 1040 3130 nationes.
1085 3062 1136 3124 Sic
1157 3063 1208 3126 illa

188 3162 272 3225 ennn
292 3163 451 3247 loquitur:
484 3166 591 3226 venite
618 3167 657 3227 ad
675 3185 725 3226 me
745 3184 875 3238 omnes,
906 3164 962 3247 qui
983 3160 1207 3244 concupiscitis

188 3285 254 3343 me,
303 3276 336 3328 ct
370 3287 387 3327 a
424 3263 681 3347 generationibus
719 3264 796 3327 meis
832 3264 1053 3344 adimplemini.
1109 3261 1209 3326 Certe

188 3366 295 3444 implet
328 3385 410 3447 quos
441 3365 562 3442 accepit
584 3366 664 3438 hacc,
700 3364 751 3425 ille
776 3363 1011 3448 malignantium
1030 3375 1208 3427 conventus

188 3464 347 3526 inanicbat
379 3475 411 3524 at
441 3464 656 3526 exhauriebat.
710 3467 793 3532 'l'um
824 3477 966 3545 pastores
998 3486 1068 3527 ossa
1101 3463 1207 3526 honos

188 3563 324 3624 vicarios
344 3583 419 3625 suos
449 3562 540 3639 jussit
569 3562 730 3640 Christus,
767 3587 831 3627 non
858 3588 990 3630 voraces
1012 3569 1113 3646 lupos.
1154 3563 1207 3626 Sic

188 3665 287 3726 Petro
308 3661 388 3723 dixit
407 3664 509 3726 einim:
544 3666 657 3740 Patre,
685 3686 767 3728 amas
786 3666 863 3728 me?
893 3687 985 3748 pasce
1011 3685 1096 3728 meas
1116 3684 1207 3726 oves.

188 3764 303 3838 Pasce,
331 3763 428 3840 (lixit,
459 3786 537 3827 oves
557 3788 658 3842 meas,
685 3788 769 3843 non,
801 3768 922 3830 devora
940 3767 1063 3848 plebem
1083 3785 1206 3839 meam,

189 3865 270 3929 sicut
295 3885 396 3927 escam
427 3866 525 3945 panis.
565 3869 606 3928 Et
632 3868 665 3929 in
693 3869 901 3947 apostolatum
919 3887 1058 3941 vocans,
1094 3864 1208 3928 faciam

188 3989 266 4041 vos,
298 3965 417 4049 inquit,
446 3968 618 4049 piscatores
637 3967 812 4043 hominnm,
846 3969 907 4029 hoc
932 3977 998 4042 cst,
1030 3965 1144 4028 faciam
1169 3975 1209 4028 nt

188 4068 409 4148 praedicando,
456 4080 487 4129 et
520 4069 606 4129 hona
638 4071 781 4148 exempla
811 4068 957 4142 edendo,
994 4065 1132 4129 allioiatis
1164 4065 1207 4127 ad

189 4165 352 4230 veritatem
379 4180 563 4229 errantes'a
583 4167 656 4229 fide.
710 4169 806 4246 Quod
826 4168 900 4251 quia
919 4177 954 4230 tu
972 4165 1133 4251 sequeris,
1165 4166 1208 4228 sd

191 4266 326 4329 officinm
354 4267 487 4331 rediisse
516 4268 600 4328 hunc
638 4263 800 4344 ordinem,
840 4279 871 4330 tc
901 4267 935 4331 id
963 4268 1138 4342 efficiente,
1172 4276 1208 4328 te

188 4388 315 4446 pacem,
335 4379 366 4427 te
382 4367 573 4442 libertatem,
594 4378 626 4429 te
644 4365 795 4448 justitiam
810 4379 842 4431 et
858 4367 1022 4432 veritatem
1034 4375 1207 4431 revocante

155 4476 160 4484 '
189 4469 363 4550 gaudemus
393 4480 424 4538 et
454 4468 639 4537 exultamus,
697 4471 774 4551 Quae
804 4468 903 4535 letior
929 4489 1066 4552 nomque
1102 4463 1207 4536 audiri
