2624 5108
145 907 212 982 170
379 898 422 973 In
444 893 633 975 Ulriclrum
655 898 906 998 Wirtenberg.

140 1095 239 1178 Apud
255 1114 313 1157 eos
331 1091 422 1170 dico,
452 1092 641 1176 qrribuscum
662 1091 928 1172 periculosissime
947 1089 1046 1156 verba
1061 1089 1155 1158 flunt.

141 1200 244 1261 Nemo
273 1208 376 1258 tamen
400 1193 566 1277 prohibet,
595 1210 690 1258 nemo
713 1203 808 1255 vetat.
861 1194 929 1258 bno
954 1213 1035 1256 vero
1059 1213 1157 1258 nemo

141 1320 207 1361 non
226 1298 360 1361 libenter
380 1295 476 1359 audit.
516 1294 615 1377 Quod
634 1293 714 1356 situ
729 1314 868 1377 unquam
887 1293 921 1356 in
935 1296 998 1357 hoc
1016 1293 1158 1376 judicio,

141 1401 231 1483 quod
248 1401 397 1462 Servatur
415 1395 561 1460 Christus
577 1386 744 1476 probibeat
759 1394 806 1470 ᾗ),
829 1406 862 1456 ct
875 1395 964 1478 quod
980 1414 1076 1481 nemo
1094 1406 1159 1473 eat,

141 1499 197 1583 qui
216 1497 410 1578 suspicetur,
438 1497 600 1561 absolutus
616 1496 736 1573 fueris,
767 1498 849 1559 nulla
868 1507 973 1560 tamen
990 1492 1159 1578 posteritas

141 1601 267 1673 credet,
305 1598 339 1660 in
362 1600 421 1661 bac
450 1596 567 1680 patria,
604 1598 668 1661 hoc
696 1609 875 1674 conventu,
912 1598 959 1662 sic
988 1620 1041 1663 me
1067 1599 1159 1684 loqui

142 1719 253 1763 ausum
275 1698 390 1775 luisse,
425 1697 486 1761 nisi
508 1710 545 1763 tu
563 1697 610 1761 sic
632 1698 772 1762 fecisses.
809 1701 851 1761 Et
867 1699 1086 1783 magnitudine
1113 1700 1161 1764 tui

141 1801 287 1875 sceleris,
308 1799 478 1862 acerbitate
504 1799 588 1875 odii,
613 1820 715 1863 meam
736 1801 959 1865 confidentiam
978 1779 1187 1867 metienturs

141 1899 302 1985 Agnoscis
327 1912 359 1961 te
381 1898 501 1982 igitur?
540 1900 699 1981 Agnoscis
723 1901 873 1982 perdite?
915 1914 968 1965 aut
992 1902 1073 1986 quid
1101 1902 1162 1966 sibi

142 2002 210 2064 vult
238 2002 289 2063 illa
316 2001 351 2061 in
380 2020 438 2064 ore
471 2000 692 2063 contumacia?
731 2002 783 2064 ille
812 2003 926 2066 frontis
955 2003 1068 2087 rigor?
1109 2002 1162 2066 illa

143 2104 311 2165 oculorum
328 2102 487 2166 torvitas?
516 2103 618 2166 adbuc
642 2102 731 2167 ierus
756 2104 819 2167 es?
858 2105 961 2167 adbuc
986 2103 1161 2185 principem

132 2202 245 2267 refers
269 2203 409 2266 vesane?
455 2203 530 2265 Noli
556 2214 620 2266 tarn
643 2207 703 2267 alte
727 2202 898 2286 suspicere.
953 2204 1027 2269 Noli
1055 2205 1162 2287 prisca

142 2303 295 2388 cogitare.
323 2303 477 2384 Princeps
488 2314 554 2380 est,
571 2304 605 2366 iu
617 2325 683 2388 quo
696 2304 821 2367 abunde
834 2316 908 2366 sunt
918 2304 994 2382 ista,
1014 2304 1163 2389 gravitas,

143 2405 240 2480 fides,
260 2404 445 2486 prudentia,
464 2404 597 2489 religio,
618 2404 801 2480 consilium,
821 2407 1012 2482 humanitas,
1032 2405 1162 2486 justitia,

142 2506 337 2582 moderatio,
378 2505 551 2588 integritas.
599 2507 636 2570 ln
657 2517 730 2567 tuos
759 2493 865 2570 mores
894 2529 959 2571 non
987 2506 1070 2569 cedit
1099 2510 1165 2570 hcc

143 2608 323 2690 appellatio.
373 2609 449 2669 Non
478 2617 569 2688 potes
604 2608 683 2669 hanc
720 2610 837 2670 molem
867 2607 1032 2670 sustinere.
1090 2610 1165 2670 'lua

143 2711 272 2786 levitas,
294 2722 367 2772 taius
384 2721 511 2783 tumor,
540 2719 593 2773 trra
610 2707 792 2782 insolentia,
821 2718 875 2769 tua
894 2706 1059 2782 atrocitas,
1088 2718 1164 2771 tuus

143 2812 236 2874 furor
257 2829 323 2871 non
342 2807 456 2888 recipit
481 2810 560 2870 hanc
586 2828 772 2888 personam,
804 2827 875 2890 quae
898 2808 1026 2874 summis
1044 2819 1167 2873 tanturn

144 2908 315 2972 virtutibus
343 2910 487 2972 debetur.
540 2908 612 2990 Age
646 2927 726 2990 ergo
758 2908 797 2970 ad
829 2919 954 2972 veteres
984 2911 1166 2976 Suevorurn

145 3009 304 3092 principes
322 3009 479 3091 originem
494 3020 579 3071 tuam
595 3008 682 3071 refer
694 3010 806 3072 scelus.
844 3010 911 3073 Aut
927 3008 1167 3074 Fridericornm

145 3120 177 3171 te
194 3109 370 3189 posteritati
390 3108 509 3186 insere,
530 3109 792 3183 clarissimorum,
816 3131 889 3172 cum
904 3120 940 3172 tu
958 3109 1001 3173 sis
1016 3112 1169 3174 contami-

145 3210 340 3287 natissimum
355 3211 614 3285 fortissimorum,
627 3231 698 3272 cunr
710 3210 793 3272 tusis
802 3211 1035 3275 immitissimus.
1065 3213 1168 3297 Atqui

145 3332 253 3396 neque
274 3313 313 3374 ab
329 3313 376 3374 his
398 3331 500 3393 genus
513 3311 618 3386 ducis,
643 3333 747 3392 nuper
766 3333 893 3388 comes,
914 3334 1022 3395 neque
1040 3313 1169 3377 humani

146 3411 180 3474 in
196 3423 227 3473 te
249 3411 368 3494 aliquid
384 3410 584 3491 perspicitur.
624 3413 653 3473 'l'
655 3424 760 3476 autum
775 3412 862 3475 abest
874 3412 1025 3493 principis
1047 3425 1080 3477 te
1093 3417 1169 3477 loco

147 3522 183 3572 ut
199 3509 349 3590 dignetur
370 3511 458 3593 quis,
479 3522 532 3575 aut
549 3513 700 3576 Germani
714 3513 872 3596 sanguinis
889 3515 1013 3594 prolem
1028 3524 1067 3576 ut
1085 3515 1171 3578 arbi·

148 3620 259 3672 tretur.
310 3609 429 3672 Habuit
450 3611 632 3689 Germania,
659 3613 740 3675 sicut
763 3615 828 3679 alias
845 3610 1006 3691 nationes,
1033 3616 1169 3700 ignavos

94 3720 96 3727 '
149 3731 231 3790 sape
261 3709 437 3792 principes,
473 3713 581 3777 habuit
601 3713 726 3790 ebrios,
758 3717 972 3798 voluptarios,
1009 3717 1169 3793 imbelles,

149 3810 323 3892 superbos,
359 3834 487 3889 avaros,
534 3835 571 3875 ac
593 3815 775 3878 insolentes.
822 3820 874 3880 At
897 3838 977 3879 vero
1000 3815 1169 3899 insigniter

149 3911 311 3975 crudelem
335 3934 402 3975 non
427 3915 551 3989 habuit,
591 3927 758 3999 antequam
785 3927 819 3977 tu
847 3919 1011 3998 prodires,
1043 3917 1169 3981 furiosa

148 4031 264 4094 pecus,
277 4035 397 4076 novum
409 4015 440 4075 in
454 4015 622 4077 Germania
633 4029 808 4082 monstrum
819 4042 827 4094 ;
842 4019 988 4084 {nuestus
1000 4019 1051 4096 ³⁶)
1063 4022 1171 4083 matris

149 4124 209 4175 tuae
231 4125 338 4193 partus
368 4137 409 4178 ex
439 4115 525 4176 omni
550 4118 721 4196 scelerum,
753 4140 790 4182 ac
815 4121 1011 4204 flagitiorum
1031 4122 1170 4185 colluvie

150 4226 272 4292 cretus,
305 4214 361 4298 qui
389 4214 609 4293 Germaniam,
644 4221 844 4285 clarissimam
870 4243 995 4306 semper
1021 4224 1171 4308 patriam,

186 4444 216 4513 ⁴)
246 4458 365 4502 &ructor
402 4457 515 4505 curtatus
548 4463 695 4519 statuam,
747 4461 784 4508 bii
827 4461 973 4509 immortales
1016 4462 1167 4520 prohbeaut.

186 4528 235 4596 ⁴⁴)
249 4541 383 4590 funestus.
400 4535 526 4589 Funestam
