<?xml version="1.0" encoding="UTF-8"?>
<!DOCTYPE html PUBLIC "-//W3C//DTD XHTML 1.0 Transitional//EN"
    "http://www.w3.org/TR/xhtml1/DTD/xhtml1-transitional.dtd">
<html xmlns="http://www.w3.org/1999/xhtml" xml:lang="en" lang="en">
 <head>
  <title>
</title>
<meta http-equiv="Content-Type" content="text/html;charset=utf-8" />
  <meta name='ocr-system' content='tesseract 3.04.00' />
  <meta name='ocr-capabilities' content='ocr_page ocr_carea ocr_par ocr_line ocrx_word'/>
</head>
<body>
  <div class='ocr_page' id='page_1' title='image "./ulrichiabhutten03mngoog_0037.png"; bbox 0 0 2624 5108; ppageno 0'>
   <div class='ocr_carea' id='block_1_1' title="bbox 460 632 474 669">
    <p class='ocr_par' dir='ltr' id='par_1_1' title="bbox 460 632 474 669">
     <span class='ocr_line' id='line_1_1' title="bbox 460 632 474 669; baseline 0 0"><span class='ocrx_word' id='word_1_1' title='bbox 460 632 474 669; x_wconf 62' lang='grc' dir='ltr'><em>ἲ</em></span> 
     </span>
    </p>
   </div>
   <div class='ocr_carea' id='block_1_2' title="bbox 140 828 970 928">
    <p class='ocr_par' dir='ltr' id='par_1_2' title="bbox 140 828 970 928">
     <span class='ocr_line' id='line_1_2' title="bbox 140 828 970 928; baseline -0.013 0"><span class='ocrx_word' id='word_1_2' title='bbox 140 853 188 928; x_wconf 66' lang='grc'>24</span> <span class='ocrx_word' id='word_1_3' title='bbox 317 849 360 923; x_wconf 94' lang='lat' dir='ltr'>In</span> <span class='ocrx_word' id='word_1_4' title='bbox 385 828 574 923; x_wconf 83' lang='lat' dir='ltr'>interitum</span> <span class='ocrx_word' id='word_1_5' title='bbox 597 848 730 923; x_wconf 82' lang='lat' dir='ltr'>Joatrn.</span> <span class='ocrx_word' id='word_1_6' title='bbox 758 845 805 918; x_wconf 88' lang='lat' dir='ltr'>de</span> <span class='ocrx_word' id='word_1_7' title='bbox 830 846 970 918; x_wconf 85' lang='lat' dir='ltr'>Hutten</span> 
     </span>
    </p>
   </div>
   <div class='ocr_carea' id='block_1_3' title="bbox 139 1040 1068 2695">
    <p class='ocr_par' dir='ltr' id='par_1_3' title="bbox 139 1040 1015 1485">
     <span class='ocr_line' id='line_1_3' title="bbox 139 1040 1015 1114; baseline -0.006 -13"><span class='ocrx_word' id='word_1_8' title='bbox 139 1051 218 1103; x_wconf 86' lang='lat' dir='ltr'>Ante</span> <span class='ocrx_word' id='word_1_9' title='bbox 237 1056 323 1114; x_wconf 86' lang='lat' dir='ltr'>tuas,</span> <span class='ocrx_word' id='word_1_10' title='bbox 341 1044 480 1111; x_wconf 86' lang='lat' dir='ltr'>saltator,</span> <span class='ocrx_word' id='word_1_11' title='bbox 504 1056 614 1112; x_wconf 79' lang='lat' dir='ltr'>aquas,</span> <span class='ocrx_word' id='word_1_12' title='bbox 632 1059 729 1113; x_wconf 85' lang='lat' dir='ltr'>neque</span> <span class='ocrx_word' id='word_1_13' title='bbox 747 1041 872 1097; x_wconf 80' lang='lat' dir='ltr'>misceat</span> <span class='ocrx_word' id='word_1_14' title='bbox 887 1040 919 1109; x_wconf 76' lang='lat'>⁸)</span> <span class='ocrx_word' id='word_1_15' title='bbox 936 1041 1015 1096; x_wconf 79' lang='lat' dir='ltr'>ullos</span> 
     </span>
     <span class='ocr_line' id='line_1_4' title="bbox 141 1134 981 1209; baseline -0.011 -12"><span class='ocrx_word' id='word_1_16' title='bbox 141 1140 354 1209; x_wconf 79' lang='lat' dir='ltr'><strong>Nympharum</strong></span> <span class='ocrx_word' id='word_1_17' title='bbox 373 1146 422 1191; x_wconf 89' lang='lat' dir='ltr'>tua</span> <span class='ocrx_word' id='word_1_18' title='bbox 442 1136 505 1207; x_wconf 84' lang='lat' dir='ltr'>ripa</span> <span class='ocrx_word' id='word_1_19' title='bbox 523 1136 649 1191; x_wconf 84' lang='lat' dir='ltr'>choros.</span> <span class='ocrx_word' id='word_1_20' title='bbox 686 1135 774 1206; x_wconf 81' lang='lat' dir='ltr'>Siqua</span> <span class='ocrx_word' id='word_1_21' title='bbox 793 1136 870 1203; x_wconf 84' lang='lat' dir='ltr'>ultio¹</span> <span class='ocrx_word' id='word_1_22' title='bbox 884 1134 981 1206; x_wconf 84' lang='lat' dir='ltr'>poscit</span> 
     </span>
     <span class='ocr_line' id='line_1_5' title="bbox 141 1226 1002 1296; baseline -0.005 -10"><span class='ocrx_word' id='word_1_23' title='bbox 141 1233 210 1286; x_wconf 85' lang='lat' dir='ltr'>Vim</span> <span class='ocrx_word' id='word_1_24' title='bbox 231 1245 335 1285; x_wconf 88' lang='lat' dir='ltr'>contra</span> <span class='ocrx_word' id='word_1_25' title='bbox 354 1230 453 1284; x_wconf 84' lang='lat' dir='ltr'>scelus</span> <span class='ocrx_word' id='word_1_26' title='bbox 471 1230 533 1283; x_wconf 91' lang='lat' dir='ltr'>hoc</span> <span class='ocrx_word' id='word_1_27' title='bbox 544 1270 554 1296; x_wconf 94' lang='lat'><em>‚</em></span> <span class='ocrx_word' id='word_1_28' title='bbox 574 1238 637 1283; x_wconf 89' lang='lat' dir='ltr'>tum</span> <span class='ocrx_word' id='word_1_29' title='bbox 656 1228 714 1283; x_wconf 79' lang='lat' dir='ltr'>darc</span> <span class='ocrx_word' id='word_1_30' title='bbox 732 1227 762 1281; x_wconf 89' lang='lat' dir='ltr'>in</span> <span class='ocrx_word' id='word_1_31' title='bbox 780 1226 858 1281; x_wconf 85' lang='lat' dir='ltr'>bella</span> <span class='ocrx_word' id='word_1_32' title='bbox 881 1228 1002 1282; x_wconf 79' lang='lat' dir='ltr'>feroces</span> 
     </span>
     <span class='ocr_line' id='line_1_6' title="bbox 142 1310 929 1397; baseline -0.01 -16"><span class='ocrx_word' id='word_1_33' title='bbox 142 1325 299 1381; x_wconf 81' lang='lat' dir='ltr'>Teutoniae</span> <span class='ocrx_word' id='word_1_34' title='bbox 311 1310 472 1397; x_wconf 82' lang='lat' dir='ltr'>populos,</span> <span class='ocrx_word' id='word_1_35' title='bbox 492 1322 571 1376; x_wconf 83' lang='lat' dir='ltr'>nulla</span> <span class='ocrx_word' id='word_1_36' title='bbox 589 1331 621 1375; x_wconf 88' lang='lat' dir='ltr'>ut</span> <span class='ocrx_word' id='word_1_37' title='bbox 638 1321 745 1374; x_wconf 88' lang='lat' dir='ltr'>vicinia</span> <span class='ocrx_word' id='word_1_38' title='bbox 762 1321 861 1391; x_wconf 86' lang='lat' dir='ltr'>poscit</span> <span class='ocrx_word' id='word_1_39' title='bbox 880 1318 929 1388; x_wconf 72' lang='lat'>*‘)</span> 
     </span>
     <span class='ocr_line' id='line_1_7' title="bbox 141 1413 912 1485; baseline -0.004 -15"><span class='ocrx_word' id='word_1_40' title='bbox 141 1417 286 1474; x_wconf 83' lang='lat' dir='ltr'><strong>Dedecus</strong></span> <span class='ocrx_word' id='word_1_41' title='bbox 305 1418 368 1470; x_wconf 89' lang='lat' dir='ltr'>hec</span> <span class='ocrx_word' id='word_1_42' title='bbox 387 1415 475 1475; x_wconf 86' lang='lat' dir='ltr'>nobis</span> <span class='ocrx_word' id='word_1_43' title='bbox 495 1414 606 1485; x_wconf 90' lang='lat' dir='ltr'>impuni</span> <span class='ocrx_word' id='word_1_44' title='bbox 627 1414 798 1467; x_wconf 74' lang='lat' dir='ltr'>adscribere</span> <span class='ocrx_word' id='word_1_45' title='bbox 815 1413 912 1483; x_wconf 89' lang='lat' dir='ltr'>culpa.</span> 
     </span>
    </p>

    <p class='ocr_par' dir='ltr' id='par_1_4' title="bbox 142 1506 909 1762">
     <span class='ocr_line' id='line_1_8' title="bbox 143 1506 909 1578; baseline -0.005 -14"><span class='ocrx_word' id='word_1_46' title='bbox 143 1511 185 1564; x_wconf 86' lang='lat' dir='ltr'>Sit</span> <span class='ocrx_word' id='word_1_47' title='bbox 203 1510 333 1566; x_wconf 88' lang='lat' dir='ltr'>vindicta</span> <span class='ocrx_word' id='word_1_48' title='bbox 352 1509 439 1574; x_wconf 89' lang='lat' dir='ltr'>neci,</span> <span class='ocrx_word' id='word_1_49' title='bbox 460 1508 595 1578; x_wconf 87' lang='lat' dir='ltr'>motique</span> <span class='ocrx_word' id='word_1_50' title='bbox 615 1506 766 1573; x_wconf 80' lang='lat' dir='ltr'>exsurgite</span> <span class='ocrx_word' id='word_1_51' title='bbox 783 1507 909 1574; x_wconf 84' lang='lat' dir='ltr'>Franci,</span> 
     </span>
     <span class='ocr_line' id='line_1_9' title="bbox 142 1598 888 1672; baseline -0.007 -14"><span class='ocrx_word' id='word_1_52' title='bbox 142 1604 294 1658; x_wconf 86' lang='lat' dir='ltr'>Invictum</span> <span class='ocrx_word' id='word_1_53' title='bbox 314 1601 423 1654; x_wconf 87' lang='lat' dir='ltr'>virtute</span> <span class='ocrx_word' id='word_1_54' title='bbox 441 1617 553 1668; x_wconf 83' lang='lat' dir='ltr'>genus,</span> <span class='ocrx_word' id='word_1_55' title='bbox 571 1608 707 1672; x_wconf 85' lang='lat' dir='ltr'>reparate</span> <span class='ocrx_word' id='word_1_56' title='bbox 726 1598 888 1669; x_wconf 79' lang='lat' dir='ltr'>superbam</span> 
     </span>
     <span class='ocr_line' id='line_1_10' title="bbox 143 1692 896 1762; baseline -0.007 -11"><span class='ocrx_word' id='word_1_57' title='bbox 143 1696 288 1751; x_wconf 76' lang='lat' dir='ltr'><strong>Nominis</strong></span> <span class='ocrx_word' id='word_1_58' title='bbox 308 1693 407 1747; x_wconf 89' lang='lat' dir='ltr'>invicti</span> <span class='ocrx_word' id='word_1_59' title='bbox 426 1694 564 1762; x_wconf 79' lang='lat' dir='ltr'>laude1n3</span> <span class='ocrx_word' id='word_1_60' title='bbox 585 1692 748 1753; x_wconf 77' lang='lat' dir='ltr'>Germania</span> <span class='ocrx_word' id='word_1_61' title='bbox 765 1701 896 1747; x_wconf 84' lang='lat' dir='ltr'>vestram</span> 
     </span>
    </p>

    <p class='ocr_par' dir='ltr' id='par_1_5' title="bbox 144 1787 889 1857">
     <span class='ocr_line' id='line_1_11' title="bbox 144 1787 889 1857; baseline -0.004 -17"><span class='ocrx_word' id='word_1_62' title='bbox 144 1787 214 1841; x_wconf 84' lang='lat' dir='ltr'>Jnm</span> <span class='ocrx_word' id='word_1_63' title='bbox 234 1788 321 1840; x_wconf 86' lang='lat' dir='ltr'>toties</span> <span class='ocrx_word' id='word_1_64' title='bbox 341 1796 464 1857; x_wconf 84' lang='lat' dir='ltr'>experta</span> <span class='ocrx_word' id='word_1_65' title='bbox 482 1787 588 1854; x_wconf 78' lang='lat' dir='ltr'>fidem,</span> <span class='ocrx_word' id='word_1_66' title='bbox 607 1800 752 1856; x_wconf 85' lang='lat' dir='ltr'>suspensa</span> <span class='ocrx_word' id='word_1_67' title='bbox 769 1793 889 1853; x_wconf 88' lang='lat' dir='ltr'>tuetur,</span> 
     </span>
    </p>

    <p class='ocr_par' dir='ltr' id='par_1_6' title="bbox 144 1877 1068 2604">
     <span class='ocr_line' id='line_1_12' title="bbox 146 1877 968 1955; baseline -0.001 -23"><span class='ocrx_word' id='word_1_68' title='bbox 146 1880 206 1955; x_wconf 76' lang='lat' dir='ltr'>Qui</span> <span class='ocrx_word' id='word_1_69' title='bbox 225 1880 298 1944; x_wconf 79' lang='lat' dir='ltr'>uelit</span> <span class='ocrx_word' id='word_1_70' title='bbox 316 1881 441 1947; x_wconf 18' lang='lat' dir='ltr'>ulcisci73</span> <span class='ocrx_word' id='word_1_71' title='bbox 461 1896 558 1950; x_wconf 89' lang='lat' dir='ltr'>neque</span> <span class='ocrx_word' id='word_1_72' title='bbox 579 1879 657 1933; x_wconf 90' lang='lat' dir='ltr'>enim</span> <span class='ocrx_word' id='word_1_73' title='bbox 675 1879 740 1933; x_wconf 85' lang='lat' dir='ltr'>haec</span> <span class='ocrx_word' id='word_1_74' title='bbox 759 1878 866 1949; x_wconf 83' lang='lat' dir='ltr'>injuria</span> <span class='ocrx_word' id='word_1_75' title='bbox 884 1877 968 1933; x_wconf 83' lang='lat' dir='ltr'>solos</span> 
     </span>
     <span class='ocr_line' id='line_1_13' title="bbox 146 1971 1038 2044; baseline -0.003 -17"><span class='ocrx_word' id='word_1_76' title='bbox 146 1974 264 2044; x_wconf 87' lang='lat' dir='ltr'>Spectat</span> <span class='ocrx_word' id='word_1_77' title='bbox 282 1974 316 2025; x_wconf 87' lang='lat' dir='ltr'>ad</span> <span class='ocrx_word' id='word_1_78' title='bbox 336 1974 496 2029; x_wconf 84' lang='lat' dir='ltr'>Hnttenos.</span> <span class='ocrx_word' id='word_1_79' title='bbox 532 1972 717 2032; x_wconf 80' lang='lat' dir='ltr'>Francorum</span> <span class='ocrx_word' id='word_1_80' title='bbox 739 1987 778 2026; x_wconf 80' lang='lat' dir='ltr'>ex</span> <span class='ocrx_word' id='word_1_81' title='bbox 795 1971 926 2025; x_wconf 89' lang='lat' dir='ltr'>millibus</span> <span class='ocrx_word' id='word_1_82' title='bbox 944 1986 1038 2027; x_wconf 89' lang='lat' dir='ltr'>unum</span> 
     </span>
     <span class='ocr_line' id='line_1_14' title="bbox 144 2053 1068 2135; baseline -0.003 -14"><span class='ocrx_word' id='word_1_83' title='bbox 144 2066 205 2121; x_wconf 90' lang='lat' dir='ltr'>Ista</span> <span class='ocrx_word' id='word_1_84' title='bbox 225 2065 304 2135; x_wconf 83' lang='lat' dir='ltr'>pati,</span> <span class='ocrx_word' id='word_1_85' title='bbox 324 2082 486 2127; x_wconf 86' lang='lat' dir='ltr'>commune</span> <span class='ocrx_word' id='word_1_86' title='bbox 504 2066 615 2119; x_wconf 85' lang='lat' dir='ltr'>malum</span> <span class='ocrx_word' id='word_1_87' title='bbox 627 2103 637 2132; x_wconf 89' lang='lat'>‚</span> <span class='ocrx_word' id='word_1_88' title='bbox 658 2065 767 2119; x_wconf 87' lang='lat' dir='ltr'>dehinc</span> <span class='ocrx_word' id='word_1_89' title='bbox 785 2065 932 2134; x_wconf 85' lang='lat' dir='ltr'>sanguinis</span> <span class='ocrx_word' id='word_1_90' title='bbox 952 2064 1041 2135; x_wconf 82' lang='lat' dir='ltr'>hujus</span> <span class='ocrx_word' id='word_1_91' title='bbox 1066 2053 1068 2057; x_wconf 58' lang='grc'><strong>’</strong></span> 
     </span>
     <span class='ocr_line' id='line_1_15' title="bbox 145 2158 949 2228; baseline -0.004 -14"><span class='ocrx_word' id='word_1_92' title='bbox 145 2158 219 2214; x_wconf 83' lang='grc' dir='ltr'>Νοη</span> <span class='ocrx_word' id='word_1_93' title='bbox 238 2159 363 2213; x_wconf 86' lang='lat' dir='ltr'>minimo</span> <span class='ocrx_word' id='word_1_94' title='bbox 388 2159 442 2212; x_wconf 87' lang='lat' dir='ltr'>fuit</span> <span class='ocrx_word' id='word_1_95' title='bbox 461 2159 508 2212; x_wconf 89' lang='lat' dir='ltr'>ille</span> <span class='ocrx_word' id='word_1_96' title='bbox 527 2159 608 2212; x_wconf 86' lang='lat' dir='ltr'>loeo.</span> <span class='ocrx_word' id='word_1_97' title='bbox 645 2159 695 2214; x_wconf 89' lang='lat' dir='ltr'>Ne</span> <span class='ocrx_word' id='word_1_98' title='bbox 713 2158 836 2228; x_wconf 83' lang='lat' dir='ltr'>quaerite</span> <span class='ocrx_word' id='word_1_99' title='bbox 855 2158 949 2227; x_wconf 81' lang='lat' dir='ltr'>gentis</span> 
     </span>
     <span class='ocr_line' id='line_1_16' title="bbox 145 2251 1002 2323; baseline 0.001 -18"><span class='ocrx_word' id='word_1_100' title='bbox 145 2251 235 2305; x_wconf 87' lang='lat' dir='ltr'>Facta</span> <span class='ocrx_word' id='word_1_101' title='bbox 255 2261 336 2313; x_wconf 86' lang='lat' dir='ltr'>retro</span> <span class='ocrx_word' id='word_1_102' title='bbox 356 2260 488 2318; x_wconf 86' lang='lat' dir='ltr'>nostrae,</span> <span class='ocrx_word' id='word_1_103' title='bbox 507 2252 561 2305; x_wconf 84' lang='lat' dir='ltr'>nisi</span> <span class='ocrx_word' id='word_1_104' title='bbox 580 2251 649 2322; x_wconf 90' lang='lat' dir='ltr'>quid</span> <span class='ocrx_word' id='word_1_105' title='bbox 669 2253 852 2306; x_wconf 76' lang='lat' dir='ltr'>cessavimus</span> <span class='ocrx_word' id='word_1_106' title='bbox 870 2267 1002 2323; x_wconf 82' lang='lat' dir='ltr'>unquam</span> 
     </span>
     <span class='ocr_line' id='line_1_17' title="bbox 146 2344 895 2417; baseline -0.003 -18"><span class='ocrx_word' id='word_1_107' title='bbox 146 2344 291 2399; x_wconf 84' lang='lat' dir='ltr'>Natirum</span> <span class='ocrx_word' id='word_1_108' title='bbox 311 2346 464 2398; x_wconf 88' lang='lat' dir='ltr'>cumulare</span> <span class='ocrx_word' id='word_1_109' title='bbox 482 2346 592 2412; x_wconf 82' lang='lat' dir='ltr'>decus,</span> <span class='ocrx_word' id='word_1_110' title='bbox 612 2345 757 2417; x_wconf 80' lang='lat' dir='ltr'>factisque</span> <span class='ocrx_word' id='word_1_111' title='bbox 776 2345 895 2399; x_wconf 85' lang='lat' dir='ltr'>decoris</span> 
     </span>
     <span class='ocr_line' id='line_1_18' title="bbox 146 2436 965 2507; baseline 0.001 -17"><span class='ocrx_word' id='word_1_112' title='bbox 146 2436 305 2506; x_wconf 89' lang='lat' dir='ltr'>Egregiam</span> <span class='ocrx_word' id='word_1_113' title='bbox 324 2438 412 2493; x_wconf 87' lang='lat' dir='ltr'>vobis</span> <span class='ocrx_word' id='word_1_114' title='bbox 429 2439 563 2507; x_wconf 89' lang='lat' dir='ltr'>laudem,</span> <span class='ocrx_word' id='word_1_115' title='bbox 589 2447 619 2491; x_wconf 89' lang='lat' dir='ltr'>et</span> <span class='ocrx_word' id='word_1_116' title='bbox 638 2437 834 2493; x_wconf 78' lang='lat' dir='ltr'>memorabile</span> <span class='ocrx_word' id='word_1_117' title='bbox 853 2454 965 2492; x_wconf 89' lang='lat' dir='ltr'>nomen</span> 
     </span>
     <span class='ocr_line' id='line_1_19' title="bbox 148 2528 917 2604; baseline 0.003 -21"><span class='ocrx_word' id='word_1_118' title='bbox 148 2528 313 2604; x_wconf 80' lang='lat' dir='ltr'>Quaerere3</span> <span class='ocrx_word' id='word_1_119' title='bbox 334 2530 358 2584; x_wconf 90' lang='lat' dir='ltr'>si</span> <span class='ocrx_word' id='word_1_120' title='bbox 378 2541 462 2603; x_wconf 86' lang='lat' dir='ltr'>rupta</span> <span class='ocrx_word' id='word_1_121' title='bbox 481 2531 609 2585; x_wconf 89' lang='lat' dir='ltr'>miscere</span> <span class='ocrx_word' id='word_1_122' title='bbox 629 2547 754 2586; x_wconf 89' lang='lat' dir='ltr'>necesse</span> <span class='ocrx_word' id='word_1_123' title='bbox 773 2532 917 2585; x_wconf 89' lang='lat' dir='ltr'>tumultus</span> 
     </span>
    </p>

    <p class='ocr_par' dir='ltr' id='par_1_7' title="bbox 146 2622 913 2695">
     <span class='ocr_line' id='line_1_20' title="bbox 146 2622 913 2695; baseline 0 -19"><span class='ocrx_word' id='word_1_124' title='bbox 146 2624 224 2677; x_wconf 83' lang='lat' dir='ltr'>Ante</span> <span class='ocrx_word' id='word_1_125' title='bbox 244 2622 341 2693; x_wconf 86' lang='lat' dir='ltr'>quiete</span> <span class='ocrx_word' id='word_1_126' title='bbox 362 2625 435 2691; x_wconf 85' lang='lat' dir='ltr'>fuit,</span> <span class='ocrx_word' id='word_1_127' title='bbox 456 2624 581 2695; x_wconf 89' lang='lat' dir='ltr'>pacique</span> <span class='ocrx_word' id='word_1_128' title='bbox 601 2624 760 2677; x_wconf 84' lang='lat' dir='ltr'>immittere</span> <span class='ocrx_word' id='word_1_129' title='bbox 779 2623 913 2688; x_wconf 89' lang='lat' dir='ltr'>bellum,</span> 
     </span>
    </p>
   </div>
   <div class='ocr_carea' id='block_1_4' title="bbox 148 2715 854 2786">
    <p class='ocr_par' dir='ltr' id='par_1_8' title="bbox 148 2715 854 2786">
     <span class='ocr_line' id='line_1_21' title="bbox 148 2715 854 2786; baseline -0.001 -17"><span class='ocrx_word' id='word_1_130' title='bbox 148 2715 176 2769; x_wconf 89' lang='lat' dir='ltr'>Si</span> <span class='ocrx_word' id='word_1_131' title='bbox 196 2732 251 2769; x_wconf 88' lang='lat' dir='ltr'>vos</span> <span class='ocrx_word' id='word_1_132' title='bbox 272 2716 313 2769; x_wconf 91' lang='lat' dir='ltr'>ira</span> <span class='ocrx_word' id='word_1_133' title='bbox 333 2717 436 2786; x_wconf 85' lang='lat' dir='ltr'>prius,</span> <span class='ocrx_word' id='word_1_134' title='bbox 456 2718 541 2786; x_wconf 86' lang='lat' dir='ltr'>siqua</span> <span class='ocrx_word' id='word_1_135' title='bbox 560 2717 717 2783; x_wconf 76' lang='lat' dir='ltr'>indignatio</span> <span class='ocrx_word' id='word_1_136' title='bbox 740 2716 854 2783; x_wconf 76' lang='lat' dir='ltr'>movit,</span> 
     </span>
    </p>
   </div>
   <div class='ocr_carea' id='block_1_5' title="bbox 147 2809 1127 4371">
    <p class='ocr_par' dir='ltr' id='par_1_9' title="bbox 147 2809 1070 3530">
     <span class='ocr_line' id='line_1_22' title="bbox 147 2809 1041 2879; baseline -0.001 -16"><span class='ocrx_word' id='word_1_137' title='bbox 147 2810 260 2866; x_wconf 89' lang='lat' dir='ltr'>Ulcisci</span> <span class='ocrx_word' id='word_1_138' title='bbox 280 2818 399 2863; x_wconf 85' lang='lat' dir='ltr'>autores</span> <span class='ocrx_word' id='word_1_139' title='bbox 419 2809 588 2874; x_wconf 88' lang='lat' dir='ltr'>scelerum,</span> <span class='ocrx_word' id='word_1_140' title='bbox 606 2810 656 2862; x_wconf 88' lang='lat' dir='ltr'>hic</span> <span class='ocrx_word' id='word_1_141' title='bbox 674 2819 868 2879; x_wconf 85' lang='lat' dir='ltr'>tempusque,</span> <span class='ocrx_word' id='word_1_142' title='bbox 888 2809 1041 2878; x_wconf 84' lang='lat' dir='ltr'>decusque</span> 
     </span>
     <span class='ocr_line' id='line_1_23' title="bbox 147 2900 1070 2970; baseline -0.001 -14"><span class='ocrx_word' id='word_1_143' title='bbox 147 2904 242 2956; x_wconf 89' lang='lat' dir='ltr'>Arma</span> <span class='ocrx_word' id='word_1_144' title='bbox 260 2902 385 2969; x_wconf 89' lang='lat' dir='ltr'>volunt,</span> <span class='ocrx_word' id='word_1_145' title='bbox 405 2900 548 2970; x_wconf 85' lang='lat' dir='ltr'>Equites!</span> <span class='ocrx_word' id='word_1_146' title='bbox 568 2904 613 2954; x_wconf 91' lang='lat' dir='ltr'>An</span> <span class='ocrx_word' id='word_1_147' title='bbox 632 2902 693 2954; x_wconf 90' lang='lat' dir='ltr'>hoc</span> <span class='ocrx_word' id='word_1_148' title='bbox 713 2902 766 2954; x_wconf 88' lang='lat' dir='ltr'>istc</span> <span class='ocrx_word' id='word_1_149' title='bbox 785 2900 906 2970; x_wconf 77' lang='lat' dir='ltr'>patralrit</span> <span class='ocrx_word' id='word_1_150' title='bbox 924 2901 1048 2959; x_wconf 86' lang='lat' dir='ltr'>inultum</span> <span class='ocrx_word' id='word_1_151' title='bbox 1059 2940 1070 2968; x_wconf 87' lang='lat'><em>,</em></span> 
     </span>
     <span class='ocr_line' id='line_1_24' title="bbox 149 2993 976 3063; baseline -0.004 -15"><span class='ocrx_word' id='word_1_152' title='bbox 149 2995 226 3048; x_wconf 88' lang='lat' dir='ltr'>Cum</span> <span class='ocrx_word' id='word_1_153' title='bbox 246 2993 303 3047; x_wconf 90' lang='lat' dir='ltr'>sint</span> <span class='ocrx_word' id='word_1_154' title='bbox 320 2995 365 3047; x_wconf 86' lang='lat' dir='ltr'>hae</span> <span class='ocrx_word' id='word_1_155' title='bbox 384 2993 490 3048; x_wconf 86' lang='lat' dir='ltr'>vires?</span> <span class='ocrx_word' id='word_1_156' title='bbox 511 2994 548 3047; x_wconf 89' lang='lat' dir='ltr'>ita</span> <span class='ocrx_word' id='word_1_157' title='bbox 569 3011 623 3049; x_wconf 87' lang='lat' dir='ltr'>vos</span> <span class='ocrx_word' id='word_1_158' title='bbox 644 2994 857 3063; x_wconf 85' lang='lat' dir='ltr'>contempserit</span> <span class='ocrx_word' id='word_1_159' title='bbox 876 2993 976 3061; x_wconf 88' lang='lat' dir='ltr'>nllus,</span> 
     </span>
     <span class='ocr_line' id='line_1_25' title="bbox 147 3087 923 3159; baseline 0.003 -20"><span class='ocrx_word' id='word_1_160' title='bbox 147 3088 247 3140; x_wconf 82' lang='lat' dir='ltr'>Ausus</span> <span class='ocrx_word' id='word_1_161' title='bbox 266 3097 297 3140; x_wconf 92' lang='lat' dir='ltr'>ut</span> <span class='ocrx_word' id='word_1_162' title='bbox 314 3087 376 3140; x_wconf 90' lang='lat' dir='ltr'>hoc</span> <span class='ocrx_word' id='word_1_163' title='bbox 395 3088 506 3141; x_wconf 86' lang='lat' dir='ltr'>fuerit?</span> <span class='ocrx_word' id='word_1_164' title='bbox 525 3088 572 3140; x_wconf 87' lang='lat' dir='ltr'>vel</span> <span class='ocrx_word' id='word_1_165' title='bbox 592 3096 711 3159; x_wconf 88' lang='lat' dir='ltr'>postera</span> <span class='ocrx_word' id='word_1_166' title='bbox 729 3088 838 3141; x_wconf 89' lang='lat' dir='ltr'>dixerit</span> <span class='ocrx_word' id='word_1_167' title='bbox 855 3099 923 3142; x_wconf 83' lang='lat' dir='ltr'>aetas</span> 
     </span>
     <span class='ocr_line' id='line_1_26' title="bbox 147 3173 1048 3250; baseline 0.001 -18"><span class='ocrx_word' id='word_1_168' title='bbox 147 3178 298 3232; x_wconf 89' lang='lat' dir='ltr'>Francum</span> <span class='ocrx_word' id='word_1_169' title='bbox 319 3179 403 3232; x_wconf 88' lang='lat' dir='ltr'>orbis</span> <span class='ocrx_word' id='word_1_170' title='bbox 422 3181 572 3250; x_wconf 90' lang='lat' dir='ltr'>quondam</span> <span class='ocrx_word' id='word_1_171' title='bbox 592 3180 773 3235; x_wconf 88' lang='lat' dir='ltr'>domitorem</span> <span class='ocrx_word' id='word_1_172' title='bbox 792 3198 807 3234; x_wconf 87' lang='lat' dir='ltr'>a</span> <span class='ocrx_word' id='word_1_173' title='bbox 827 3181 955 3235; x_wconf 80' lang='lat' dir='ltr'>sortibus</span> <span class='ocrx_word' id='word_1_174' title='bbox 977 3173 1048 3234; x_wconf 84' lang='lat' dir='ltr'>actis</span> 
     </span>
     <span class='ocr_line' id='line_1_27' title="bbox 147 3270 998 3343; baseline -0.001 -16"><span class='ocrx_word' id='word_1_175' title='bbox 147 3270 358 3340; x_wconf 83' lang='lat' dir='ltr'>Degenerasse</span> <span class='ocrx_word' id='word_1_176' title='bbox 377 3282 512 3343; x_wconf 88' lang='lat' dir='ltr'>patrum,</span> <span class='ocrx_word' id='word_1_177' title='bbox 532 3273 700 3343; x_wconf 87' lang='lat' dir='ltr'>mollesque</span> <span class='ocrx_word' id='word_1_178' title='bbox 719 3274 861 3328; x_wconf 88' lang='lat' dir='ltr'>inducere</span> <span class='ocrx_word' id='word_1_179' title='bbox 879 3289 998 3341; x_wconf 76' lang='lat' dir='ltr'>moreS,</span> 
     </span>
     <span class='ocr_line' id='line_1_28' title="bbox 148 3364 1045 3436; baseline 0 -18"><span class='ocrx_word' id='word_1_180' title='bbox 148 3364 370 3434; x_wconf 79' lang='lat' dir='ltr'>segnitiemque</span> <span class='ocrx_word' id='word_1_181' title='bbox 390 3369 523 3420; x_wconf 83' lang='lat' dir='ltr'>novam?</span> <span class='ocrx_word' id='word_1_182' title='bbox 543 3375 624 3419; x_wconf 85' lang='lat' dir='ltr'>certe</span> <span class='ocrx_word' id='word_1_183' title='bbox 641 3367 708 3420; x_wconf 75' lang='lat' dir='ltr'>haec</span> <span class='ocrx_word' id='word_1_184' title='bbox 726 3383 782 3421; x_wconf 83' lang='lat' dir='ltr'>vos</span> <span class='ocrx_word' id='word_1_185' title='bbox 801 3384 888 3421; x_wconf 82' lang='lat' dir='ltr'>causa</span> <span class='ocrx_word' id='word_1_186' title='bbox 905 3366 1045 3436; x_wconf 89' lang='lat' dir='ltr'>pudendo</span> 
     </span>
     <span class='ocr_line' id='line_1_29' title="bbox 149 3456 891 3530; baseline 0.004 -20"><span class='ocrx_word' id='word_1_187' title='bbox 149 3456 286 3523; x_wconf 78' lang='lat' dir='ltr'>Adiciet,</span> <span class='ocrx_word' id='word_1_188' title='bbox 305 3458 442 3524; x_wconf 87' lang='lat' dir='ltr'>deserta,</span> <span class='ocrx_word' id='word_1_189' title='bbox 462 3457 598 3528; x_wconf 84' lang='lat' dir='ltr'>probro,</span> <span class='ocrx_word' id='word_1_190' title='bbox 618 3459 739 3512; x_wconf 80' lang='lat' dir='ltr'>defensa</span> <span class='ocrx_word' id='word_1_191' title='bbox 759 3460 891 3530; x_wconf 85' lang='lat' dir='ltr'>superbo</span> 
     </span>
    </p>

    <p class='ocr_par' dir='ltr' id='par_1_10' title="bbox 150 3551 849 3623">
     <span class='ocr_line' id='line_1_30' title="bbox 150 3551 849 3623; baseline 0.001 -18"><span class='ocrx_word' id='word_1_192' title='bbox 150 3551 288 3605; x_wconf 81' lang='lat' dir='ltr'>Extollet</span> <span class='ocrx_word' id='word_1_193' title='bbox 306 3551 435 3618; x_wconf 90' lang='lat' dir='ltr'>decore,</span> <span class='ocrx_word' id='word_1_194' title='bbox 456 3562 485 3605; x_wconf 86' lang='lat' dir='ltr'>et</span> <span class='ocrx_word' id='word_1_195' title='bbox 502 3552 588 3606; x_wconf 84' lang='lat' dir='ltr'>factis</span> <span class='ocrx_word' id='word_1_196' title='bbox 610 3552 736 3623; x_wconf 76' lang='lat' dir='ltr'>aequabit</span> <span class='ocrx_word' id='word_1_197' title='bbox 754 3552 849 3606; x_wconf 78' lang='lat' dir='ltr'>avitis,</span> 
     </span>
    </p>

    <p class='ocr_par' dir='ltr' id='par_1_11' title="bbox 149 3643 1127 3902">
     <span class='ocr_line' id='line_1_31' title="bbox 149 3643 1127 3716; baseline 0 -18"><span class='ocrx_word' id='word_1_198' title='bbox 149 3643 218 3698; x_wconf 89' lang='lat' dir='ltr'>Nee</span> <span class='ocrx_word' id='word_1_199' title='bbox 237 3646 330 3711; x_wconf 82' lang='lat' dir='ltr'>magis</span> <span class='ocrx_word' id='word_1_200' title='bbox 348 3644 398 3696; x_wconf 93' lang='lat' dir='ltr'>hic</span> <span class='ocrx_word' id='word_1_201' title='bbox 417 3660 503 3698; x_wconf 89' lang='lat' dir='ltr'>meus</span> <span class='ocrx_word' id='word_1_202' title='bbox 522 3654 567 3698; x_wconf 88' lang='lat' dir='ltr'>est</span> <span class='ocrx_word' id='word_1_203' title='bbox 588 3645 721 3714; x_wconf 89' lang='lat' dir='ltr'>clamor,</span> <span class='ocrx_word' id='word_1_204' title='bbox 740 3663 827 3716; x_wconf 88' lang='lat' dir='ltr'>quam</span> <span class='ocrx_word' id='word_1_205' title='bbox 848 3645 996 3714; x_wconf 88' lang='lat' dir='ltr'>sanguinis</span> <span class='ocrx_word' id='word_1_206' title='bbox 1013 3644 1127 3715; x_wconf 84' lang='lat' dir='ltr'>hujus;</span> 
     </span>
     <span class='ocr_line' id='line_1_32' title="bbox 149 3737 979 3808; baseline 0.002 -17"><span class='ocrx_word' id='word_1_207' title='bbox 149 3738 286 3791; x_wconf 89' lang='lat' dir='ltr'>Insontes</span> <span class='ocrx_word' id='word_1_208' title='bbox 304 3737 366 3790; x_wconf 93' lang='lat' dir='ltr'>hoc</span> <span class='ocrx_word' id='word_1_209' title='bbox 386 3746 472 3805; x_wconf 85' lang='lat' dir='ltr'>agunt</span> <span class='ocrx_word' id='word_1_210' title='bbox 491 3755 614 3806; x_wconf 86' lang='lat' dir='ltr'>manes,</span> <span class='ocrx_word' id='word_1_211' title='bbox 637 3756 694 3793; x_wconf 91' lang='lat' dir='ltr'>nec</span> <span class='ocrx_word' id='word_1_212' title='bbox 715 3739 829 3792; x_wconf 82' lang='lat' dir='ltr'>desinet</span> <span class='ocrx_word' id='word_1_213' title='bbox 848 3757 979 3808; x_wconf 91' lang='lat' dir='ltr'>unquam</span> 
     </span>
     <span class='ocr_line' id='line_1_33' title="bbox 149 3829 965 3902; baseline -0.001 -18"><span class='ocrx_word' id='word_1_214' title='bbox 149 3829 271 3884; x_wconf 86' lang='lat' dir='ltr'>Flebilis</span> <span class='ocrx_word' id='word_1_215' title='bbox 289 3829 396 3882; x_wconf 88' lang='lat' dir='ltr'>umbra</span> <span class='ocrx_word' id='word_1_216' title='bbox 416 3831 517 3902; x_wconf 86' lang='lat' dir='ltr'>queri,</span> <span class='ocrx_word' id='word_1_217' title='bbox 537 3832 606 3887; x_wconf 88' lang='lat' dir='ltr'>dum</span> <span class='ocrx_word' id='word_1_218' title='bbox 625 3849 681 3887; x_wconf 86' lang='lat' dir='ltr'>vos</span> <span class='ocrx_word' id='word_1_219' title='bbox 699 3831 856 3886; x_wconf 88' lang='lat' dir='ltr'>ultricibus</span> <span class='ocrx_word' id='word_1_220' title='bbox 875 3832 965 3884; x_wconf 86' lang='lat' dir='ltr'>armis</span> 
     </span>
    </p>

    <p class='ocr_par' dir='ltr' id='par_1_12' title="bbox 149 3921 952 4085">
     <span class='ocr_line' id='line_1_34' title="bbox 149 3921 952 3996; baseline 0.005 -23"><span class='ocrx_word' id='word_1_221' title='bbox 149 3921 236 3974; x_wconf 81' lang='lat' dir='ltr'>Justa</span> <span class='ocrx_word' id='word_1_222' title='bbox 256 3922 439 3991; x_wconf 87' lang='lat' dir='ltr'>parentetis,</span> <span class='ocrx_word' id='word_1_223' title='bbox 461 3926 667 3996; x_wconf 86' lang='lat' dir='ltr'>tumulumque</span> <span class='ocrx_word' id='word_1_224' title='bbox 686 3925 794 3979; x_wconf 90' lang='lat' dir='ltr'>hostile</span> <span class='ocrx_word' id='word_1_225' title='bbox 815 3933 952 3980; x_wconf 82' lang='lat' dir='ltr'>cruentet</span> 
     </span>
     <span class='ocr_line' id='line_1_35' title="bbox 151 4015 895 4085; baseline 0.004 -16"><span class='ocrx_word' id='word_1_226' title='bbox 151 4015 292 4084; x_wconf 83' lang='lat' dir='ltr'>eorpus,</span> <span class='ocrx_word' id='word_1_227' title='bbox 312 4024 341 4068; x_wconf 85' lang='lat' dir='ltr'>et</span> <span class='ocrx_word' id='word_1_228' title='bbox 359 4015 465 4070; x_wconf 87' lang='lat' dir='ltr'>iratum</span> <span class='ocrx_word' id='word_1_229' title='bbox 484 4018 600 4071; x_wconf 87' lang='lat' dir='ltr'>soletur</span> <span class='ocrx_word' id='word_1_230' title='bbox 617 4018 735 4072; x_wconf 88' lang='lat' dir='ltr'>victima</span> <span class='ocrx_word' id='word_1_231' title='bbox 753 4018 895 4085; x_wconf 87' lang='lat' dir='ltr'>bustum,</span> 
     </span>
    </p>

    <p class='ocr_par' dir='ltr' id='par_1_13' title="bbox 149 4107 841 4166">
     <span class='ocr_line' id='line_1_36' title="bbox 149 4107 841 4166; baseline 0.006 -5"><span class='ocrx_word' id='word_1_232' title='bbox 149 4107 268 4161; x_wconf 86' lang='lat' dir='ltr'>inferiae</span> <span class='ocrx_word' id='word_1_233' title='bbox 289 4117 397 4163; x_wconf 85' lang='lat' dir='ltr'>moestc</span> <span class='ocrx_word' id='word_1_234' title='bbox 417 4108 521 4163; x_wconf 85' lang='lat' dir='ltr'>cineri.</span> <span class='ocrx_word' id='word_1_235' title='bbox 558 4110 622 4163; x_wconf 89' lang='lat' dir='ltr'>Vos</span> <span class='ocrx_word' id='word_1_236' title='bbox 638 4112 769 4165; x_wconf 83' lang='lat' dir='ltr'>moverit</span> <span class='ocrx_word' id='word_1_237' title='bbox 786 4112 841 4166; x_wconf 86' lang='lat' dir='ltr'>iste</span> 
     </span>
    </p>

    <p class='ocr_par' dir='ltr' id='par_1_14' title="bbox 149 4199 859 4273">
     <span class='ocr_line' id='line_1_37' title="bbox 149 4199 859 4273; baseline 0.006 -17"><span class='ocrx_word' id='word_1_238' title='bbox 149 4199 298 4258; x_wconf 86' lang='lat' dir='ltr'>Praeterea</span> <span class='ocrx_word' id='word_1_239' title='bbox 318 4202 434 4269; x_wconf 88' lang='lat' dir='ltr'>luctus,</span> <span class='ocrx_word' id='word_1_240' title='bbox 455 4211 486 4256; x_wconf 90' lang='lat' dir='ltr'>et</span> <span class='ocrx_word' id='word_1_241' title='bbox 503 4219 568 4272; x_wconf 87' lang='lat' dir='ltr'>qnae</span> <span class='ocrx_word' id='word_1_242' title='bbox 587 4204 752 4273; x_wconf 88' lang='lat' dir='ltr'>ploratibus</span> <span class='ocrx_word' id='word_1_243' title='bbox 774 4221 859 4260; x_wconf 82' lang='lat' dir='ltr'>auras</span> 
     </span>
    </p>

    <p class='ocr_par' dir='ltr' id='par_1_15' title="bbox 149 4293 999 4371">
     <span class='ocr_line' id='line_1_38' title="bbox 149 4293 999 4371; baseline 0.012 -26"><span class='ocrx_word' id='word_1_244' title='bbox 149 4295 246 4347; x_wconf 83' lang='lat' dir='ltr'>Anxia</span> <span class='ocrx_word' id='word_1_245' title='bbox 265 4293 459 4361; x_wconf 70' lang='lat' dir='ltr'>turbarent,</span> <span class='ocrx_word' id='word_1_246' title='bbox 477 4304 563 4365; x_wconf 88' lang='lat' dir='ltr'>pater</span> <span class='ocrx_word' id='word_1_247' title='bbox 580 4296 648 4365; x_wconf 90' lang='lat' dir='ltr'>hie,</span> <span class='ocrx_word' id='word_1_248' title='bbox 667 4299 823 4371; x_wconf 75' lang='lat' dir='ltr'>maestique</span> <span class='ocrx_word' id='word_1_249' title='bbox 841 4307 999 4371; x_wconf 88' lang='lat' dir='ltr'>perempte</span> 
     </span>
    </p>
   </div>
   <div class='ocr_carea' id='block_1_6' title="bbox 150 4411 343 4424">
    <p class='ocr_par' dir='ltr' id='par_1_16' title="bbox 150 4411 343 4424">
     <span class='ocr_line' id='line_1_39' title="bbox 150 4411 343 4424; baseline 0 -2"><span class='ocrx_word' id='word_1_250' title='bbox 150 4411 343 4424; x_wconf 75' lang='lat'>—-</span> 
     </span>
    </p>
   </div>
   <div class='ocr_carea' id='block_1_7' title="bbox 183 4473 742 4537">
    <p class='ocr_par' dir='ltr' id='par_1_17' title="bbox 183 4473 742 4537">
     <span class='ocr_line' id='line_1_40' title="bbox 183 4473 742 4537; baseline 0.011 -18"><span class='ocrx_word' id='word_1_251' title='bbox 183 4476 211 4527; x_wconf 75' lang='lat'>¹¹)</span> <span class='ocrx_word' id='word_1_252' title='bbox 229 4479 339 4521; x_wconf 76' lang='lat' dir='ltr'>misceat.</span> <span class='ocrx_word' id='word_1_253' title='bbox 357 4473 459 4522; x_wconf 73' lang='lat' dir='ltr'>concisi.</span> <span class='ocrx_word' id='word_1_254' title='bbox 496 4477 539 4528; x_wconf 73' lang='lat'>¹⁴¹)</span> <span class='ocrx_word' id='word_1_255' title='bbox 550 4483 639 4534; x_wconf 71' lang='lat' dir='ltr'>poscet.</span> <span class='ocrx_word' id='word_1_256' title='bbox 657 4479 742 4537; x_wconf 70' lang='lat' dir='ltr'>possit</span> 
     </span>
    </p>
   </div>
   <div class='ocr_carea' id='block_1_8' title="bbox 0 0 1330 5108">
    <p class='ocr_par' dir='ltr' id='par_1_18' title="bbox 0 0 1330 5108">
     <span class='ocr_line' id='line_1_41' title="bbox 0 0 1330 5108; baseline 0 0"><span class='ocrx_word' id='word_1_257' title='bbox 0 0 1330 5108; x_wconf 95' lang='lat' dir='ltr'> </span> 
     </span>
    </p>
   </div>
  </div>
 </body>
</html>
