2624 5108
143 1409 237 1511 Ergo
260 1457 300 1496 ne
323 1447 393 1513 post
418 1438 537 1505 varios,
563 1437 683 1505 juvenis
700 1438 887 1509 miserande,
917 1439 1056 1506 labores,

144 1537 220 1593 Post
237 1551 345 1602 casus,
373 1533 560 1604 morbosque
579 1547 682 1598 meos,
711 1533 881 1606 seriemque
899 1537 1068 1603 iuniorum,

147 1630 198 1686 Tu
215 1631 316 1682 luctus
333 1626 406 1680 mssri
425 1642 512 1680 causa
529 1624 619 1687 novi,
647 1633 678 1676 tu
697 1641 787 1680 causa
805 1630 935 1698 querele
990 1654 996 1666 ·

145 1723 191 1778 Sic
211 1723 392 1786 conlectus,
410 1719 492 1773 eris?
518 1734 576 1772 nec
595 1717 693 1771 adhuc
711 1719 830 1774 inimica
850 1722 972 1775 facessit

141 1814 283 1872 Laedendi
304 1814 426 1868 fortune
443 1812 586 1875 modum,
617 1827 698 1881 quae,
725 1812 749 1866 si
768 1814 869 1869 omnia
887 1815 979 1869 vellet

144 1910 254 1964 Invidia
273 1916 390 1962 mutare
408 1906 490 1972 mei,
519 1914 548 1958 te
565 1904 684 1958 turbide
708 1905 737 1958 in
757 1923 818 1960 uno

145 2003 261 2058 Debuit
280 2017 346 2056 esse
364 2000 485 2066 minus,
513 2015 571 2051 ncc
594 1998 623 2051 in
646 1997 708 2052 hoc
728 2001 886 2055 temerarie
905 2002 974 2056 dici.

146 2095 202 2150 Seu
215 2097 311 2148 fetum
319 2093 381 2147 lroc
392 2092 565 2162 loquimur,
579 2107 632 2144 seu
641 2106 710 2144 sors
717 2132 726 2159 ,
737 2110 801 2163 quae
813 2104 841 2147 te
851 2094 983 2162 abstulit,
993 2095 1061 2151 haec
1070 2101 1132 2161 est,
1140 2120 1175 2133 -

146 2189 301 2258 indiguum
329 2186 470 2252 tulimus,
507 2203 565 2238 nec
589 2183 661 2237 vidit
688 2186 828 2240 acerbius
854 2189 949 2242 ullum

150 2282 238 2335 Aetas
263 2283 317 2334 ista
341 2281 439 2333 nefas.
476 2277 557 2333 Nem
583 2244 717 2348 quoa!
727 2280 877 2335 insontior
903 2299 1003 2338 essese

151 2374 217 2429 Hoc
243 2374 351 2444 pressit
378 2372 516 2441 graviore
542 2373 642 2439 malo,
672 2374 760 2429 simul
782 2377 923 2430 omnibus
943 2393 997 2431 usa

153 2467 275 2521 Saevitiae
303 2466 449 2520 numeris».
493 2465 533 2519 Et
557 2482 615 2519 nos
641 2483 766 2535 regnare
791 2481 930 2538 putemus

152 2559 285 2631 Usquam
313 2559 401 2625 alios,
432 2565 484 2613 aut
506 2574 571 2612 csse
596 2559 703 2626 Deos,
730 2562 897 2632 trepidique
923 2560 1055 2617 feramus

150 2653 220 2709 Non
248 2653 399 2707 auditurae
423 2652 566 2706 devotum
590 2667 700 2707 munus
724 2653 758 2706 ad
780 2655 869 2708 aras?

152 2747 201 2800 Tu
219 2757 318 2800 tamen
338 2747 489 2801 innocuos
506 2760 635 2811 mores,
664 2745 815 2819 vitamque
839 2755 981 2818 secutus,

153 2840 282 2911 sperasti
301 2840 428 2894 meliora
444 2839 554 2905 Deos,
585 2837 770 2911 nimiumque
789 2841 910 2896 solebas

151 2933 184 2988 ln
203 2934 311 3004 pietate
330 2931 380 2986 tud
398 2930 516 2986 subitos
535 2938 731 2985 contemnere
755 2950 854 2988 casus.

154 3026 235 3098 Quid
249 3028 333 3097 juvat
354 3025 505 3080 insontem
523 3024 663 3081 vixisse?
695 3027 798 3079 cadem
819 3027 920 3081 omnia
937 3029 1037 3099 pravis

156 3120 232 3173 Cum
247 3119 307 3173 sint
324 3117 356 3186 ⁸)
376 3127 464 3189 atquc
482 3117 585 3172 bonis.
621 3117 695 3173 Non
716 3126 763 3171 eet
781 3118 960 3186 dignoscere
978 3138 1036 3191 qua
1054 3139 1130 3192 nos,

155 3213 293 3267 Solemur
311 3210 360 3281 ⁴⁴)
379 3211 521 3264 mercede
539 3210 598 3280 pii3
628 3218 726 3264 metue
749 3211 890 3264 omnibus
903 3211 999 3279 idern,

154 3308 255 3376 Atque
274 3306 376 3360 eedem
396 3319 464 3375 spes
482 3310 543 3370 est,
571 3312 668 3371 errat,
699 3302 873 3358 discrimine
891 3303 1026 3374 quisquis

152 3398 308 3454 innocuos
326 3398 427 3464 locat,
457 3405 545 3466 atque
563 3396 680 3464 melos,
708 3397 855 3467 vitaeque,
882 3396 1036 3469 necisque.

151 3495 191 3547 At
207 3492 262 3546 tibi
281 3490 458 3561 simplicitas
474 3490 587 3543 horum
607 3503 697 3542 causa
714 3506 771 3543 una
795 3490 945 3544 malorum
954 3509 965 3557 3

154 3583 204 3640 Ex
220 3595 250 3639 te
268 3599 433 3639 censueras
452 3582 543 3649 alios,
572 3597 722 3650 unamque
741 3582 866 3651 putabas

157 3677 307 3733 Omnibus
326 3692 391 3730 esse
411 3674 519 3741 fidem,
546 3674 749 3745 quoniamque
768 3673 815 3728 his
835 3675 896 3746 ipsc
916 3691 1055 3744 careres,

159 3769 309 3824 Credebas
327 3786 390 3823 non
411 3782 475 3821 esse
495 3767 592 3821 dotes.
629 3766 708 3821 Hinc
727 3764 773 3818 illa
793 3774 916 3820 tuorum

154 3861 301 3917 Moestitia
322 3870 386 3929 est,
416 3861 488 3915 hinc
507 3861 557 3914 ille
577 3859 686 3925 dolor,
712 3857 917 3928 lacrymaeque
937 3869 1067 3930 coactae,

154 3952 196 4008 Et
211 3972 284 4024 quas
304 3971 367 4008 non
386 3955 515 4008 fortasse
534 3951 616 4023 capis
627 3992 637 4019 ‚
663 3950 811 4017 sentisve,
842 3951 982 4019 querelae.

157 4046 233 4120 Quae
251 4048 305 4103 tibi
323 4063 413 4102 cauea
431 4062 559 4111 necem,
586 4043 675 4098 nobis
697 4060 819 4115 quoque
842 4043 938 4097 movit
956 4043 1086 4101 acerbos

155 4137 263 4194 Morte
282 4140 332 4195 tui
352 4142 468 4207 luctue;
499 4137 570 4208 quid
591 4136 670 4190 enim
688 4136 831 4191 luctabile
849 4136 922 4191 vidit

159 4231 300 4287 Teutone
317 4245 398 4288 terra
417 4232 530 4302 magis,
559 4231 607 4284 vel
626 4230 697 4301 quid
718 4245 751 4285 se
771 4230 917 4299 indignius
936 4241 1085 4300 unquam,

155 4347 352 4366 m

192 4416 222 4468 ·)
243 4406 308 4462 Cum
325 4418 385 4465 stne.
421 4413 520 4462 cedunt.
555 4428 604 4474 qua
621 4428 675 4463 nor.
712 4423 756 4470 qua
775 4406 816 4472 anf

191 4508 237 4565 θ’)
252 4512 371 4563 delemur.
407 4509 526 4562 selenen.
