2624 5108
162 909 232 985 372
565 864 813 1001 Triumpnu'

165 1102 263 1173 thue
283 1118 317 1156 ea
335 1106 526 1173 spectentur,
545 1096 725 1153 sublimibus
742 1096 820 1152 edite
837 1099 936 1155 tectis.

165 1195 358 1264 Pendulaque
378 1210 395 1247 e
413 1177 501 1264 pictis
518 1188 676 1245 hine-lude
695 1189 785 1245 aulea
805 1191 946 1247 fenestris

166 1289 316 1343 Ornatura
335 1286 410 1339 latus
428 1282 572 1339 demittite
587 1281 709 1355 parietis
727 1282 828 1353 ampli.

164 1378 229 1434 Vos
245 1395 368 1450 quoque
387 1376 501 1430 linitimi
519 1374 654 1447 speciem
670 1374 750 1429 hanc
768 1386 872 1445 augete
892 1376 1000 1444 Suevi,

164 1473 401 1541 vestrarumque
420 1467 540 1539 aliquod
561 1468 627 1521 date
644 1467 761 1535 signum
780 1467 964 1536 divitiarum,

162 1566 202 1622 Et
222 1565 332 1618 festum
351 1562 503 1617 celebrate
522 1560 619 1630 diem,
636 1558 821 1615 celebratior
836 1560 891 1616 ibit

162 1656 223 1713 Vix
242 1656 332 1723 alius,
348 1654 399 1727 qai
416 1671 489 1710 vera
506 1652 601 1723 magis
619 1650 669 1721 du
684 1653 788 1723 gaudia
805 1654 917 1723 vobis,

162 1753 226 1808 Vos
250 1758 355 1805 ornate
373 1746 502 1816 urbem,
519 1744 709 1817 proprioque
728 1746 878 1801 extendite
899 1749 981 1802 cultu

162 1844 291 1901 Moenia.
327 1841 392 1899 Vos
408 1848 513 1913 portas
531 1848 683 1910 sectoque
701 1838 818 1893 aliunde
836 1850 939 1910 paratu

164 1937 340 2007 conspicuo
359 1948 490 2001 muros,
506 1941 668 2005 turresque
688 1931 809 2004 implete
827 1934 1004 2005 domusque.

161 2030 271 2085 Vester
290 2029 412 2096 honor,
431 2038 566 2082 vestrum
586 2026 679 2081 decus
697 2036 760 2095 est,
778 2026 925 2097 vobisque
945 2029 1119 2101 propinquo

161 2125 188 2178 Α
207 2121 362 2192 Capnione
383 2119 478 2187 redit,
504 2134 595 2190 quam
616 2118 706 2173 nobis
724 2119 819 2189 gloria
835 2119 945 2188 major.

161 2214 279 2271 Prodiit
297 2231 313 2268 a
331 2212 431 2267 vobis.
468 2210 584 2267 Omnes
604 2212 710 2265 audete
728 2213 834 2280 suevi,

160 2308 303 2362 Vestrum
322 2313 533 2363 ornamentum
551 2304 657 2373 plausu
671 2302 787 2373 jactare
805 2305 950 2376 superbo.

160 2400 249 2454 Hunc
269 2399 408 2470 praeferte
427 2396 506 2464 aliis,
523 2395 693 2466 solitosque
710 2397 862 2453 excellere
881 2400 966 2455 solos

160 2491 290 2561 ingeniis
309 2491 423 2560 italos,
444 2491 522 2543 lama
544 2490 619 2544 ferte
638 2504 704 2543 esse
725 2491 863 2545 minores

159 2585 210 2640 De
231 2585 397 2655 primisque
416 2580 502 2636 alieni
522 2590 655 2635 vestrum
674 2583 849 2653 componite
870 2585 986 2651 civem,

158 2678 228 2734 Nos
248 2676 336 2730 otiam
355 2675 516 2739 audemus,
534 2673 758 2745 Germaniaque
776 2675 884 2746 oincit
901 2678 1000 2732 omnis

160 2769 194 2824 ld
215 2767 301 2822 Latio
321 2763 462 2833 decoris,
484 2767 707 2837 fulgentemque
725 2767 867 2822 omnibus
884 2769 971 2823 horis

160 2862 318 2930 Tempore
336 2866 485 2930 perpetuo
494 2898 504 2926 ,
525 2875 581 2928 pro
600 2874 634 2912 sc
652 2867 682 2911 et
699 2875 756 2931 pro
774 2858 860 2914 laude
879 2876 1007 2915 suorum

159 2951 301 3009 Ostendit
320 2952 439 3017 lucem,
458 2961 487 3003 et
504 2949 662 3004 monachis
680 2950 749 3005 sinit
768 2952 815 3006 ilia
833 2954 949 3025 rumpi,

159 3044 294 3099 lnl'erior
311 3052 411 3097 tamen
428 3042 492 3096 hoc
511 3042 624 3112 reliqua
643 3051 688 3096 est
705 3042 870 3100 Germania
891 3046 1001 3116 vobis,

159 3141 187 3193 A
204 3134 308 3192 suevis
329 3134 384 3191 toti
402 3134 495 3191 decus
512 3134 594 3204 hoc,
614 3134 696 3207 quod
713 3136 826 3207 prodiit
842 3138 919 3194 unis.

226 3323 319 3380 Dicat
335 3321 400 3390 Jo,
418 3321 442 3378 si
460 3338 494 3376 se
512 3322 596 3375 novit
614 3320 776 3379 Germania
786 3364 796 3393 ,
815 3325 908 3394 dicat,

159 3418 375 3486 victoremque
394 3428 482 3468 suum
500 3413 583 3469 nullo
602 3414 756 3471 fraudetur
773 3417 913 3486 honore,

156 3507 228 3560 dam
247 3504 361 3560 celebri
379 3521 491 3576 pompa
510 3507 613 3577 spoliis
633 3524 785 3581 curruque
805 3511 1008 3582 propinquum

156 3597 259 3652 Prima
278 3598 391 3652 vehunt
405 3597 535 3666 juvenes
553 3600 750 3672 tabulasque,
770 3612 800 3657 et
817 3604 917 3674 signa,
935 3605 1138 3677 colossosque

156 3693 310 3761 Armaque
329 3691 518 3746 devictorum
536 3691 687 3761 imbellia,
708 3706 887 3768 sumptuque
905 3696 1009 3750 furtim

155 3783 356 3840 Instrumenta
373 3785 464 3854 viris,
482 3786 574 3840 telum
595 3786 765 3855 imbecille,
783 3788 960 3860 librosque,

153 3876 193 3931 Et
211 3877 330 3947 spolia,
350 3888 379 3932 et
396 3880 493 3934 fracto
511 3879 625 3948 figenda
645 3894 684 3933 ex
701 3880 789 3935 hoste
806 3881 962 3951 trophaea,

152 3971 243 4025 Mille
263 3981 437 4039 argumenta
454 3973 523 4039 hic,
541 3980 571 4025 et
587 3972 670 4025 mille
689 3972 827 4025 feruntur
845 3972 982 4039 elenchi,

155 4063 192 4116 Et
212 4065 312 4118 multis
328 4081 464 4118 nocuum
482 4080 640 4130 murmur,
659 4063 825 4134 linguaeque
842 4067 1023 4137 prophanae,

153 4157 370 4227 sacrilegeque
388 4172 513 4222 manus,
531 4153 724 4226 promptique
743 4156 883 4212 invadere
902 4160 1011 4224 rictru,

151 4248 318 4320 Exertique
337 4247 430 4301 labris
449 4247 570 4314 dentes,
592 4247 715 4319 nasique
734 4251 872 4320 recurvi,

151 4342 341 4402 Luminaque
362 4339 520 4410 obliquum
538 4339 654 4395 dellens
672 4342 920 4414 superciliisque,

150 4436 320 4489 Contractus
343 4433 482 4500 frontes,
504 4432 646 4503 oculique
663 4434 816 4491 horrenda
834 4447 969 4505 tuentes,

148 4527 357 4598 lividulaeque
375 4540 457 4595 genn
467 4565 478 4595 ,
498 4535 528 4581 et
546 4524 668 4582 rabiosa
686 4528 824 4599 silentis,
844 4531 958 4603 pressis
