<?xml version="1.0" encoding="UTF-8"?>
<!DOCTYPE html PUBLIC "-//W3C//DTD XHTML 1.0 Transitional//EN"
    "http://www.w3.org/TR/xhtml1/DTD/xhtml1-transitional.dtd">
<html xmlns="http://www.w3.org/1999/xhtml" xml:lang="en" lang="en">
 <head>
  <title>
</title>
<meta http-equiv="Content-Type" content="text/html;charset=utf-8" />
  <meta name='ocr-system' content='tesseract 3.04.00' />
  <meta name='ocr-capabilities' content='ocr_page ocr_carea ocr_par ocr_line ocrx_word'/>
</head>
<body>
  <div class='ocr_page' id='page_1' title='image "./ulrichiabhutten03mngoog_0465.png"; bbox 0 0 2624 5108; ppageno 0'>
   <div class='ocr_carea' id='block_1_1' title="bbox 203 802 928 922">
    <p class='ocr_par' dir='ltr' id='par_1_1' title="bbox 203 802 928 922">
     <span class='ocr_line' id='line_1_1' title="bbox 203 802 928 922; baseline -0.006 -20"><span class='ocrx_word' id='word_1_1' title='bbox 203 827 276 903; x_wconf 66' lang='grc'><strong>458</strong></span> <span class='ocrx_word' id='word_1_2' title='bbox 506 802 705 922; x_wconf 69' lang='lat' dir='ltr'><strong>quuillus</strong></span> <span class='ocrx_word' id='word_1_3' title='bbox 728 824 928 901; x_wconf 75' lang='lat' dir='ltr'><strong>Marranus</strong></span> 
     </span>
    </p>
   </div>
   <div class='ocr_carea' id='block_1_2' title="bbox 95 1016 1236 2510">
    <p class='ocr_par' dir='ltr' id='par_1_2' title="bbox 95 1016 1236 2510">
     <span class='ocr_line' id='line_1_2' title="bbox 205 1016 1232 1103; baseline -0.006 -22"><span class='ocrx_word' id='word_1_4' title='bbox 205 1040 300 1103; x_wconf 81' lang='lat' dir='ltr'><strong>quam</strong></span> <span class='ocrx_word' id='word_1_5' title='bbox 321 1018 395 1102; x_wconf 84' lang='lat' dir='ltr'><strong>quia</strong></span> <span class='ocrx_word' id='word_1_6' title='bbox 418 1039 545 1081; x_wconf 81' lang='lat' dir='ltr'><strong>omnem</strong></span> <span class='ocrx_word' id='word_1_7' title='bbox 564 1030 685 1081; x_wconf 77' lang='lat' dir='ltr'><strong>aetatrm</strong></span> <span class='ocrx_word' id='word_1_8' title='bbox 705 1029 736 1080; x_wconf 88' lang='lat' dir='ltr'><strong>et</strong></span> <span class='ocrx_word' id='word_1_9' title='bbox 756 1039 886 1099; x_wconf 80' lang='lat' dir='ltr'><strong>operam</strong></span> <span class='ocrx_word' id='word_1_10' title='bbox 907 1017 940 1078; x_wconf 90' lang='lat' dir='ltr'><strong>in</strong></span> <span class='ocrx_word' id='word_1_11' title='bbox 966 1017 1140 1079; x_wconf 81' lang='lat' dir='ltr'><strong>verborum</strong></span> <span class='ocrx_word' id='word_1_12' title='bbox 1167 1016 1232 1079; x_wconf 83' lang='lat' dir='ltr'><strong>inu-</strong></span> 
     </span>
     <span class='ocr_line' id='line_1_3' title="bbox 202 1119 1235 1199; baseline -0.002 -18"><span class='ocrx_word' id='word_1_13' title='bbox 202 1120 291 1181; x_wconf 84' lang='lat' dir='ltr'>nium</span> <span class='ocrx_word' id='word_1_14' title='bbox 321 1120 433 1199; x_wconf 89' lang='lat' dir='ltr'><strong>spiritu</strong></span> <span class='ocrx_word' id='word_1_15' title='bbox 476 1141 510 1179; x_wconf 83' lang='lat' dir='ltr'><strong>ac</strong></span> <span class='ocrx_word' id='word_1_16' title='bbox 547 1119 715 1180; x_wconf 79' lang='lat' dir='ltr'><strong>dialceticis</strong></span> <span class='ocrx_word' id='word_1_17' title='bbox 755 1129 941 1179; x_wconf 83' lang='lat' dir='ltr'><strong>consumunt</strong></span> <span class='ocrx_word' id='word_1_18' title='bbox 977 1119 1235 1197; x_wconf 70' lang='lat' dir='ltr'><strong>deceptionibus.</strong></span> 
     </span>
     <span class='ocr_line' id='line_1_4' title="bbox 95 1218 1236 1307; baseline -0.001 -24"><span class='ocrx_word' id='word_1_19' title='bbox 95 1286 99 1291; x_wconf 74' lang='grc'><strong>,</strong></span> <span class='ocrx_word' id='word_1_20' title='bbox 176 1220 256 1307; x_wconf 73' lang='grc' dir='ltr'><strong>ΙΙΙΙει</strong></span> <span class='ocrx_word' id='word_1_21' title='bbox 291 1242 369 1283; x_wconf 88' lang='lat' dir='ltr'><strong>vcro</strong></span> <span class='ocrx_word' id='word_1_22' title='bbox 407 1225 553 1301; x_wconf 75' lang='lat' dir='ltr'><strong>exploso,</strong></span> <span class='ocrx_word' id='word_1_23' title='bbox 595 1222 646 1283; x_wconf 76' lang='lat' dir='ltr'><strong>vel</strong></span> <span class='ocrx_word' id='word_1_24' title='bbox 678 1224 785 1282; x_wconf 79' lang='lat' dir='ltr'><strong>saltum</strong></span> <span class='ocrx_word' id='word_1_25' title='bbox 817 1218 1048 1281; x_wconf 79' lang='lat' dir='ltr'><strong>salubrioribus</strong></span> <span class='ocrx_word' id='word_1_26' title='bbox 1082 1218 1236 1282; x_wconf 86' lang='lat' dir='ltr'><strong>institutis</strong></span> 
     </span>
     <span class='ocr_line' id='line_1_5' title="bbox 202 1319 1236 1401; baseline -0.004 -16"><span class='ocrx_word' id='word_1_27' title='bbox 202 1324 386 1397; x_wconf 72' lang='lat' dir='ltr'><strong>refrenata,</strong></span> <span class='ocrx_word' id='word_1_28' title='bbox 424 1323 463 1383; x_wconf 84' lang='lat' dir='ltr'><strong>ad</strong></span> <span class='ocrx_word' id='word_1_29' title='bbox 489 1343 598 1383; x_wconf 83' lang='lat' dir='ltr'><strong>veram</strong></span> <span class='ocrx_word' id='word_1_30' title='bbox 617 1323 667 1382; x_wconf 77' lang='lat' dir='ltr'><strong>vel</strong></span> <span class='ocrx_word' id='word_1_31' title='bbox 693 1319 862 1399; x_wconf 75' lang='lat' dir='ltr'><strong>legitimam</strong></span> <span class='ocrx_word' id='word_1_32' title='bbox 885 1320 1094 1401; x_wconf 80' lang='lat' dir='ltr'><strong>&#39;l&#39;heologium</strong></span> <span class='ocrx_word' id='word_1_33' title='bbox 1123 1320 1236 1381; x_wconf 81' lang='lat' dir='ltr'><strong>denuo</strong></span> 
     </span>
     <span class='ocr_line' id='line_1_6' title="bbox 203 1421 1235 1502; baseline -0.003 -15"><span class='ocrx_word' id='word_1_34' title='bbox 203 1424 309 1487; x_wconf 82' lang='lat' dir='ltr'><strong>redire</strong></span> <span class='ocrx_word' id='word_1_35' title='bbox 328 1422 493 1502; x_wconf 80' lang='lat' dir='ltr'><strong>incipient,</strong></span> <span class='ocrx_word' id='word_1_36' title='bbox 521 1421 655 1498; x_wconf 77' lang='lat' dir='ltr'><strong>Christi,</strong></span> <span class='ocrx_word' id='word_1_37' title='bbox 682 1421 743 1484; x_wconf 88' lang='lat' dir='ltr'><strong>Dci</strong></span> <span class='ocrx_word' id='word_1_38' title='bbox 762 1422 861 1483; x_wconf 84' lang='lat' dir='ltr'><strong>nostri</strong></span> <span class='ocrx_word' id='word_1_39' title='bbox 881 1433 1035 1501; x_wconf 61' lang='lat' dir='ltr'><strong>praecepta</strong></span> <span class='ocrx_word' id='word_1_40' title='bbox 1056 1423 1235 1484; x_wconf 78' lang='lat' dir='ltr'><strong>absolutius</strong></span> 
     </span>
     <span class='ocr_line' id='line_1_7' title="bbox 204 1521 1233 1609; baseline 0.002 -25"><span class='ocrx_word' id='word_1_41' title='bbox 204 1523 435 1609; x_wconf 81' lang='lat' dir='ltr'><strong>observabunt,</strong></span> <span class='ocrx_word' id='word_1_42' title='bbox 457 1522 639 1599; x_wconf 72' lang='lat' dir='ltr'><strong>diligentins</strong></span> <span class='ocrx_word' id='word_1_43' title='bbox 653 1521 854 1604; x_wconf 80' lang='lat' dir='ltr'><strong>antiquorum</strong></span> <span class='ocrx_word' id='word_1_44' title='bbox 872 1525 1114 1603; x_wconf 77' lang='lat' dir='ltr'><strong>&#39;l&#39;lieologorum</strong></span> <span class='ocrx_word' id='word_1_45' title='bbox 1132 1522 1233 1586; x_wconf 86' lang='lat' dir='ltr'><strong>libros</strong></span> 
     </span>
     <span class='ocr_line' id='line_1_8' title="bbox 203 1622 1233 1705; baseline 0 -19"><span class='ocrx_word' id='word_1_46' title='bbox 203 1626 367 1695; x_wconf 66' lang='lat' dir='ltr'><strong>evonem,</strong></span> <span class='ocrx_word' id='word_1_47' title='bbox 401 1633 432 1682; x_wconf 85' lang='lat' dir='ltr'><strong>ct</strong></span> <span class='ocrx_word' id='word_1_48' title='bbox 457 1624 547 1704; x_wconf 86' lang='lat' dir='ltr'><strong>quod</strong></span> <span class='ocrx_word' id='word_1_49' title='bbox 576 1623 609 1684; x_wconf 91' lang='lat' dir='ltr'><strong>in</strong></span> <span class='ocrx_word' id='word_1_50' title='bbox 635 1622 694 1684; x_wconf 85' lang='lat' dir='ltr'><strong>illis</strong></span> <span class='ocrx_word' id='word_1_51' title='bbox 722 1625 858 1705; x_wconf 76' lang='lat' dir='ltr'><strong>legendo</strong></span> <span class='ocrx_word' id='word_1_52' title='bbox 883 1623 1043 1703; x_wconf 81' lang='lat' dir='ltr'><strong>reperient</strong></span> <span class='ocrx_word' id='word_1_53' title='bbox 1077 1624 1233 1703; x_wconf 78' lang='lat' dir='ltr'><strong>operibus</strong></span> 
     </span>
     <span class='ocr_line' id='line_1_9' title="bbox 202 1723 1115 1807; baseline 0.002 -22"><span class='ocrx_word' id='word_1_54' title='bbox 202 1743 335 1807; x_wconf 83' lang='lat' dir='ltr'><strong>quoque</strong></span> <span class='ocrx_word' id='word_1_55' title='bbox 357 1726 533 1803; x_wconf 84' lang='lat' dir='ltr'><strong>complere,</strong></span> <span class='ocrx_word' id='word_1_56' title='bbox 553 1734 585 1785; x_wconf 88' lang='lat' dir='ltr'><strong>et</strong></span> <span class='ocrx_word' id='word_1_57' title='bbox 605 1724 760 1804; x_wconf 86' lang='lat' dir='ltr'><strong>proximis</strong></span> <span class='ocrx_word' id='word_1_58' title='bbox 782 1723 934 1804; x_wconf 88' lang='lat' dir='ltr'><strong>impertiri</strong></span> <span class='ocrx_word' id='word_1_59' title='bbox 955 1724 1115 1787; x_wconf 64' lang='lat' dir='ltr'><strong>nitentum</strong></span> 
     </span>
     <span class='ocr_line' id='line_1_10' title="bbox 278 1821 1232 1905; baseline 0.001 -19"><span class='ocrx_word' id='word_1_60' title='bbox 278 1821 436 1886; x_wconf 70' lang='lat' dir='ltr'><strong>Ceterum</strong></span> <span class='ocrx_word' id='word_1_61' title='bbox 462 1846 561 1905; x_wconf 87' lang='lat' dir='ltr'><strong>quum</strong></span> <span class='ocrx_word' id='word_1_62' title='bbox 590 1825 651 1888; x_wconf 91' lang='lat' dir='ltr'><strong>nisi</strong></span> <span class='ocrx_word' id='word_1_63' title='bbox 672 1825 792 1888; x_wconf 81' lang='lat' dir='ltr'><strong>sublata</strong></span> <span class='ocrx_word' id='word_1_64' title='bbox 820 1846 915 1887; x_wconf 77' lang='lat' dir='ltr'><strong>curua</strong></span> <span class='ocrx_word' id='word_1_65' title='bbox 941 1826 1072 1886; x_wconf 85' lang='lat' dir='ltr'><strong>effectus</strong></span> <span class='ocrx_word' id='word_1_66' title='bbox 1102 1823 1232 1887; x_wconf 79' lang='lat' dir='ltr'><strong>minime</strong></span> 
     </span>
     <span class='ocr_line' id='line_1_11' title="bbox 200 1924 1234 2006; baseline 0.001 -20"><span class='ocrx_word' id='word_1_67' title='bbox 200 1924 267 1986; x_wconf 85' lang='lat' dir='ltr'><strong>tolli</strong></span> <span class='ocrx_word' id='word_1_68' title='bbox 286 1936 398 2006; x_wconf 79' lang='lat' dir='ltr'><strong>queat,</strong></span> <span class='ocrx_word' id='word_1_69' title='bbox 428 1935 459 1984; x_wconf 88' lang='lat' dir='ltr'><strong>ct</strong></span> <span class='ocrx_word' id='word_1_70' title='bbox 478 1926 728 2005; x_wconf 83' lang='lat' dir='ltr'><strong>Philosophnstri</strong></span> <span class='ocrx_word' id='word_1_71' title='bbox 748 1926 818 2000; x_wconf 77' lang='lat' dir='ltr'><strong>ttti,</strong></span> <span class='ocrx_word' id='word_1_72' title='bbox 857 1947 913 1989; x_wconf 79' lang='lat' dir='ltr'><strong>seu</strong></span> <span class='ocrx_word' id='word_1_73' title='bbox 935 1926 1098 2006; x_wconf 80' lang='lat' dir='ltr'><strong>depravati</strong></span> <span class='ocrx_word' id='word_1_74' title='bbox 1118 1925 1234 2005; x_wconf 87' lang='lat' dir='ltr'><strong>Sophi-</strong></span> 
     </span>
     <span class='ocr_line' id='line_1_12' title="bbox 201 2023 1234 2108; baseline 0.003 -22"><span class='ocrx_word' id='word_1_75' title='bbox 201 2035 274 2099; x_wconf 69' lang='grc' dir='ltr'><strong>σιω,</strong></span> <span class='ocrx_word' id='word_1_76' title='bbox 297 2023 438 2087; x_wconf 89' lang='lat' dir='ltr'><strong>omnium</strong></span> <span class='ocrx_word' id='word_1_77' title='bbox 455 2026 606 2088; x_wconf 75' lang='lat' dir='ltr'><strong>vitiorum</strong></span> <span class='ocrx_word' id='word_1_78' title='bbox 626 2039 764 2089; x_wconf 76' lang='lat' dir='ltr'><strong>scateant</strong></span> <span class='ocrx_word' id='word_1_79' title='bbox 781 2027 906 2101; x_wconf 86' lang='lat' dir='ltr'><strong>illuvie,</strong></span> <span class='ocrx_word' id='word_1_80' title='bbox 927 2026 1129 2108; x_wconf 76' lang='lat' dir='ltr'><strong>maximeque</strong></span> <span class='ocrx_word' id='word_1_81' title='bbox 1157 2026 1234 2089; x_wconf 88' lang='lat' dir='ltr'><strong>ideo</strong></span> 
     </span>
     <span class='ocr_line' id='line_1_13' title="bbox 200 2123 1233 2209; baseline 0.001 -22"><span class='ocrx_word' id='word_1_82' title='bbox 200 2123 315 2194; x_wconf 72' lang='lat' dir='ltr'><strong>vitiose</strong></span> <span class='ocrx_word' id='word_1_83' title='bbox 340 2125 463 2200; x_wconf 83' lang='lat' dir='ltr'><strong>vivant,</strong></span> <span class='ocrx_word' id='word_1_84' title='bbox 495 2126 645 2209; x_wconf 80' lang='lat' dir='ltr'><strong>quonium</strong></span> <span class='ocrx_word' id='word_1_85' title='bbox 664 2127 781 2191; x_wconf 82' lang='lat' dir='ltr'><strong>vitiose</strong></span> <span class='ocrx_word' id='word_1_86' title='bbox 798 2128 1078 2207; x_wconf 89' lang='lat' dir='ltr'><strong>philosophentur,</strong></span> <span class='ocrx_word' id='word_1_87' title='bbox 1108 2137 1142 2188; x_wconf 87' lang='lat' dir='ltr'><strong>ct</strong></span> <span class='ocrx_word' id='word_1_88' title='bbox 1161 2148 1233 2208; x_wconf 72' lang='lat' dir='ltr'><strong>quae</strong></span> 
     </span>
     <span class='ocr_line' id='line_1_14' title="bbox 200 2225 1233 2308; baseline 0.003 -21"><span class='ocrx_word' id='word_1_89' title='bbox 200 2225 235 2287; x_wconf 91' lang='lat' dir='ltr'><strong>in</strong></span> <span class='ocrx_word' id='word_1_90' title='bbox 267 2228 347 2288; x_wconf 76' lang='lat' dir='ltr'><strong>curlo</strong></span> <span class='ocrx_word' id='word_1_91' title='bbox 373 2239 464 2299; x_wconf 82' lang='lat' dir='ltr'><strong>sunt,</strong></span> <span class='ocrx_word' id='word_1_92' title='bbox 496 2248 530 2287; x_wconf 86' lang='lat' dir='ltr'><strong>se</strong></span> <span class='ocrx_word' id='word_1_93' title='bbox 560 2228 715 2308; x_wconf 78' lang='lat' dir='ltr'><strong>speculari</strong></span> <span class='ocrx_word' id='word_1_94' title='bbox 742 2229 937 2291; x_wconf 80' lang='lat' dir='ltr'><strong>existiment:</strong></span> <span class='ocrx_word' id='word_1_95' title='bbox 970 2248 1070 2308; x_wconf 88' lang='lat' dir='ltr'><strong>quum</strong></span> <span class='ocrx_word' id='word_1_96' title='bbox 1097 2239 1233 2307; x_wconf 89' lang='lat' dir='ltr'><strong>propter</strong></span> 
     </span>
     <span class='ocr_line' id='line_1_15' title="bbox 200 2327 1233 2411; baseline 0.001 -24"><span class='ocrx_word' id='word_1_97' title='bbox 200 2338 365 2407; x_wconf 74' lang='lat' dir='ltr'><strong>torporem</strong></span> <span class='ocrx_word' id='word_1_98' title='bbox 389 2338 421 2388; x_wconf 90' lang='lat' dir='ltr'><strong>et</strong></span> <span class='ocrx_word' id='word_1_99' title='bbox 442 2327 562 2411; x_wconf 83' lang='lat' dir='ltr'><strong>ingenii</strong></span> <span class='ocrx_word' id='word_1_100' title='bbox 584 2328 759 2391; x_wconf 79' lang='lat' dir='ltr'><strong>tarditatem</strong></span> <span class='ocrx_word' id='word_1_101' title='bbox 782 2350 842 2391; x_wconf 84' lang='lat' dir='ltr'><strong>nec</strong></span> <span class='ocrx_word' id='word_1_102' title='bbox 863 2350 933 2410; x_wconf 78' lang='lat' dir='ltr'><strong>quae</strong></span> <span class='ocrx_word' id='word_1_103' title='bbox 953 2337 1024 2389; x_wconf 85' lang='lat' dir='ltr'><strong>ante</strong></span> <span class='ocrx_word' id='word_1_104' title='bbox 1044 2329 1145 2405; x_wconf 86' lang='lat' dir='ltr'><strong>pedes</strong></span> <span class='ocrx_word' id='word_1_105' title='bbox 1169 2328 1233 2389; x_wconf 83' lang='lat' dir='ltr'><strong>sint</strong></span> 
     </span>
     <span class='ocr_line' id='line_1_16' title="bbox 200 2427 1234 2510; baseline 0.007 -24"><span class='ocrx_word' id='word_1_106' title='bbox 200 2427 312 2489; x_wconf 81' lang='lat' dir='ltr'><strong>videre</strong></span> <span class='ocrx_word' id='word_1_107' title='bbox 335 2440 470 2510; x_wconf 77' lang='lat' dir='ltr'><strong>queant3</strong></span> <span class='ocrx_word' id='word_1_108' title='bbox 494 2428 553 2490; x_wconf 88' lang='lat' dir='ltr'><strong>illis</strong></span> <span class='ocrx_word' id='word_1_109' title='bbox 571 2429 712 2510; x_wconf 84' lang='lat' dir='ltr'><strong>inprimis</strong></span> <span class='ocrx_word' id='word_1_110' title='bbox 732 2440 864 2495; x_wconf 63' lang='lat' dir='ltr'><strong>Thomu</strong></span> <span class='ocrx_word' id='word_1_111' title='bbox 881 2457 917 2492; x_wconf 77' lang='lat' dir='ltr'><strong>ac</strong></span> <span class='ocrx_word' id='word_1_112' title='bbox 940 2440 1029 2492; x_wconf 79' lang='lat' dir='ltr'><strong>Scoti</strong></span> <span class='ocrx_word' id='word_1_113' title='bbox 1052 2429 1234 2493; x_wconf 77' lang='lat' dir='ltr'><strong>adimuntur</strong></span> 
     </span>
    </p>
   </div>
   <div class='ocr_carea' id='block_1_3' title="bbox 200 2527 1235 2694">
    <p class='ocr_par' dir='ltr' id='par_1_3' title="bbox 200 2527 1235 2694">
     <span class='ocr_line' id='line_1_17' title="bbox 201 2527 1235 2613; baseline 0.003 -24"><span class='ocrx_word' id='word_1_114' title='bbox 201 2527 340 2590; x_wconf 82' lang='lat' dir='ltr'><strong>codices.</strong></span> <span class='ocrx_word' id='word_1_115' title='bbox 388 2530 486 2607; x_wconf 73' lang='lat' dir='ltr'><strong>Quod</strong></span> <span class='ocrx_word' id='word_1_116' title='bbox 503 2532 601 2613; x_wconf 82' lang='lat' dir='ltr'><strong>longe</strong></span> <span class='ocrx_word' id='word_1_117' title='bbox 627 2530 733 2594; x_wconf 85' lang='lat' dir='ltr'><strong>utilius</strong></span> <span class='ocrx_word' id='word_1_118' title='bbox 754 2544 786 2592; x_wconf 84' lang='lat' dir='ltr'><strong>ct</strong></span> <span class='ocrx_word' id='word_1_119' title='bbox 806 2529 1058 2605; x_wconf 84' lang='lat' dir='ltr'><strong>conducibilius,</strong></span> <span class='ocrx_word' id='word_1_120' title='bbox 1088 2532 1235 2612; x_wconf 81' lang='lat' dir='ltr'><strong>quamsi</strong></span> 
     </span>
     <span class='ocr_line' id='line_1_18' title="bbox 200 2629 840 2694; baseline 0.005 -3"><span class='ocrx_word' id='word_1_121' title='bbox 200 2629 318 2691; x_wconf 75' lang='lat' dir='ltr'><strong>Judaeis</strong></span> <span class='ocrx_word' id='word_1_122' title='bbox 340 2630 537 2693; x_wconf 82' lang='lat' dir='ltr'><strong>Thalmudici</strong></span> <span class='ocrx_word' id='word_1_123' title='bbox 556 2632 740 2694; x_wconf 77' lang='lat' dir='ltr'><strong>auferantur</strong></span> <span class='ocrx_word' id='word_1_124' title='bbox 758 2632 840 2694; x_wconf 90' lang='lat' dir='ltr'><strong>libri.</strong></span> 
     </span>
    </p>
   </div>
   <div class='ocr_carea' id='block_1_4' title="bbox 578 2775 850 2857">
    <p class='ocr_par' dir='ltr' id='par_1_4' title="bbox 578 2775 850 2857">
     <span class='ocr_line' id='line_1_19' title="bbox 578 2775 850 2857; baseline 0.007 -20"><span class='ocrx_word' id='word_1_125' title='bbox 578 2775 649 2837; x_wconf 78' lang='lat' dir='ltr'><strong>Fiat</strong></span> <span class='ocrx_word' id='word_1_126' title='bbox 668 2787 702 2838; x_wconf 90' lang='lat' dir='ltr'><strong>ut</strong></span> <span class='ocrx_word' id='word_1_127' title='bbox 723 2775 850 2857; x_wconf 88' lang='lat' dir='ltr'><strong>petitur.</strong></span> 
     </span>
    </p>
   </div>
   <div class='ocr_carea' id='block_1_5' title="bbox 0 0 1316 5108">
    <p class='ocr_par' dir='ltr' id='par_1_5' title="bbox 0 0 1316 5108">
     <span class='ocr_line' id='line_1_20' title="bbox 0 0 1316 5108; baseline 0 1"><span class='ocrx_word' id='word_1_128' title='bbox 0 0 1316 5108; x_wconf 95' lang='lat' dir='ltr'><strong> </strong></span> 
     </span>
    </p>
   </div>
  </div>
 </body>
</html>
