2624 5108
676 410 680 419 .
943 412 946 417 .

951 512 959 523 .

367 765 625 869 Exhortatoria
647 764 684 841 in
709 768 857 843 Turcas.
1049 772 1116 850 llll

111 981 177 1024 non
205 958 340 1023 celebria
365 958 509 1035 uomina,
540 977 620 1043 quaa
643 958 867 1036 immunitates,
898 944 966 1043 quse
994 961 1120 1043 privile·

111 1063 163 1145 gia
182 1082 250 1123 non
264 1061 297 1134 ¹⁴³)
316 1058 492 1141 protulisti,
513 1070 549 1123 ut
563 1059 787 1143 ingratissimus
808 1050 867 1121 sim
888 1061 1043 1139 omnium,
1064 1065 1120 1147 qui
1191 1122 1194 1127 .

111 1176 244 1243 usquam
272 1159 399 1235 vivunt,
431 1152 624 1234 mortaliter,
655 1158 717 1223 nisi
749 1169 782 1220 te
813 1159 905 1223 valde
930 1182 1046 1238 amem,
1083 1185 1121 1226 ac

110 1269 295 1327 reverenter
313 1259 438 1322 oolam?
465 1258 605 1322 Proinde
621 1258 773 1325 contiuuo
791 1259 890 1327 oculi·
909 1261 988 1325 mois
1006 1264 1122 1329 obver-

112 1372 216 1435 satur,
254 1380 317 1443 qua
343 1380 393 1422 me
420 1359 554 1441 primum
579 1359 785 1441 hospitalitate
812 1360 846 1423 iu
879 1370 963 1427 tuam
993 1363 1123 1428 domum

107 1459 274 1559 ιφίείί,
299 1459 414 1523 deindo
434 1480 498 1542 que
512 1457 747 1541 predicatione,
779 1458 895 1543 quibus
912 1460 1018 1523 amicis
1036 1483 1122 1526 eom·

110 1554 275 1624 md'ridosti.
314 1561 481 1623 Postremo
498 1578 563 1653 φ
579 1578 694 1639 pompa
717 1560 757 1623 ad
778 1559 936 1624 cesarem
954 1562 1121 1626 adduxisti.

108 1662 159 1725 'Ut
176 1660 226 1735 pn)
254 1660 314 1723 ille·
327 1671 384 1723 tuo
417 1659 567 1722 instinctu
599 1660 638 1721 ad
665 1658 867 1735 seadmisit,
909 1671 944 1722 ut
972 1682 1123 1726 coronam

111 1760 267 1845 po'c‘ticam
290 1760 454 1843 imposuit,
485 1758 567 1823 illam
591 1757 644 1839 ajo
666 1778 833 1834 coronent,
863 1758 946 1825 illam
968 1761 1123 1859 liusq,

76 1912 78 1916 Α
108 1878 209 1945 ‘mam
229 1871 263 1923 tu
285 1873 356 1923 ante
372 1861 463 1924 domi
479 1871 556 1934 tuo,
582 1870 726 1925 accurate
747 1869 955 1935 contexente,
981 1870 1015 1922 et
1029 1860 1124 1927 ador·

112 1972 208 2025 nante
239 1961 302 2024 filia
328 1973 390 2024 tua·
404 1958 607 2034 Constentia,
638 1960 793 2035 omniurn,
833 1982 903 2043 que
931 1961 1002 2025 istie
1031 1974 1121 2038 sunt,
1239 2038 1248 2057 ·

108 2063 304 2146 puellarum,
329 2072 361 2121 et
378 2062 481 2123 lorma
499 2071 532 2125 et
548 2059 689 2122 moribus
709 2059 976 2141 praestantissima„
996 2082 1124 2143 appara·
1188 2098 1193 2107 ·

114 2180 217 2226 seraa
253 2163 380 2224 Haerent
397 2160 455 2223 ista
465 2158 544 2225 nihi
559 2159 679 2236 animo,
699 2182 737 2223 ac
752 2159 926 2227 diutissime
943 2161 1123 2237 haerebunt,

108 2274 177 2325 'tum
196 2261 271 2345 quia
285 2281 343 2341 per
365 2281 400 2322 se
418 2259 620 2342 magistrantis
638 2272 727 2336 sunt,
753 2279 847 2343 quam
867 2259 942 2340 quia
960 2270 1055 2339 auget
1070 2279 1123 2333 ea,

117 2363 205 2444 quod
222 2360 296 2435 libi,
323 2359 449 2423 civitate
469 2358 603 2438 pariter,
632 2380 669 2424 ac
692 2359 803 2424 ordine
823 2358 971 2433 diver-so,
998 2358 1125 2441 acceptu

115 2460 234 2525 resero.
272 2462 367 2540 Quod
385 2459 440 2522 ubi
464 2457 590 2541 cogito,
619 2472 651 2522 et
672 2458 747 2542 quia
767 2457 806 2519 ab
825 2455 954 2519 ineunte
972 2470 1060 2522 astate
1080 2458 1126 2521 aie

116 2562 211 2627 uitam
231 2560 367 2635 institui,
393 2570 428 2622 ut
448 2580 542 2642 quam
561 2558 751 2641 gratissimus
765 2578 843 2641 *csse
861 2558 1020 2632 studeam,
1050 2577 1126 2639 erga

116 2681 173 2723 eos
192 2661 376 2742 presertim,
406 2679 542 2742 quorum
561 2658 666 2742 aliqua
684 2658 717 2721 in
736 2679 787 2725 me
803 2658 1024 2721 benevolentia
1042 2658 1126 2737 ω’),

116 2761 233 2823 nedum
260 2759 343 2822 benc
369 2758 516 2823 meritum
541 2770 704 2840 perspecta
732 2759 787 2834 sit,
823 2780 984 2843 nunquam
1014 2759 1125 2825 desino

116 2860 281 2941 magnifiee
298 2871 383 2923 tuam
401 2859 435 2923 in
452 2880 503 2923 me
521 2857 790 2934 benevolentiam,
808 2870 926 2941 tuaque
942 2859 1003 2922 ista
1019 2858 1128 2923 merila

117 2979 375 3023 eormnemorare.
412 2959 510 3042 Quod
528 2961 658 3022 molesta
683 2958 744 3022 luit
768 2959 833 3021 lraec
859 2956 916 3019 tibi
936 2959 1128 3023 taciturnitas

117 3076 203 3132 mea,
234 3057 275 3117 da
300 3058 424 3121 veniam
447 3057 516 3141 jugi
535 3059 663 3138 posthac
684 3056 843 3121 literarum
862 3057 1011 3123 missione
1028 3080 1129 3124 resar-

118 3154 183 3216 cire
203 3154 333 3235 paranti.
371 3158 413 3217 Et
431 3154 494 3236 jam
513 3156 625 3238 quaeris
642 3158 749 3222 tonse
785 3166 1045 3239 quenrodmodum
1080 3187 1129 3225 me

117 3272 234 3333 tractet
249 3264 357 3319 ardica
374 3265 466 3321 uita?
501 3256 652 3323 Nondum
669 3258 796 3340 optime.
841 3258 1029 3343 Quanquam
1052 3258 1132 3340 quid
1199 3290 1202 3301 ·

118 3376 185 3418 uon
214 3354 382 3418 l'crendum
411 3367 477 3433 est,
521 3359 607 3439 apud
640 3380 716 3424 vere
749 3357 929 3439 Principem
965 3357 1132 3422 Aldertum

119 3454 418 3539 Archiepiseopunt,
437 3455 483 3519 sic
500 3459 684 3536 humanum,
703 3459 749 3523 sic
763 3459 942 3524 beneficum
964 3480 1001 3523 ac
1019 3456 1132 3522 libere-

117 3555 201 3617 lem?
243 3554 375 3639 Alioqui
407 3557 499 3621 valde
526 3558 586 3621 isla
611 3580 750 3635 nauseo,
787 3561 901 3625 fastum
938 3560 1132 3633 aulicorum,

119 3655 283 3740 magnifica
304 3655 473 3742 promissa,
499 3658 718 3740 sequipedoles
735 3658 951 3735 salutationes,
983 3659 1134 3723 irtsidiosa

119 3758 295 3840 colloquia,
323 3767 354 3819 et
376 3755 484 3820 inanes
503 3757 619 3823 tumor.
655 3756 819 3837 Praecipua
834 3770 938 3825 tamen
958 3759 1032 3823 mihi
1057 3776 1133 3817 con·

119 3858 255 3920 suetudo
286 3867 332 3917 eal
358 3879 431 3923 curu
467 3868 630 3923 Stromero
663 3866 823 3939 Physica,
871 3858 960 3941 quod
987 3878 1022 3920 se
1055 3852 1135 3916 mira

121 3957 262 4038 quedam
280 3957 382 4032 dedit,
412 3968 448 4020 ut
472 3957 549 4022 milri
567 3957 708 4032 ridetur,
740 3956 822 4021 iuter
846 3957 1014 4040 utriusque
1028 3974 1133 4019 mores

119 4054 300 4121 similitudo·
339 4057 476 4138 Simplex
489 4069 555 4130 est,
570 4057 702 4133 dexter,
721 4068 753 4120 at
769 4067 913 4139 apertus;
934 4055 1002 4118 odit
1014 4055 1135 4152 luerim,

120 4154 292 4217 detestatur
320 4176 482 4241 pompam,
523 4178 560 4219 ae
591 4157 725 4223 subinde
752 4156 826 4223 nihi
854 4155 968 4220 crebro
1000 4156 1135 4218 inculcat

124 4271 315 4290 ———-

160 4358 189 4423 ³)
207 4382 257 4413 non
269 4381 325 4415 ror:
344 4368 463 4423 protulisti
475 4369 562 4425 telget.
583 4360 629 4423 'U
642 4374 677 4429 ll,
688 4385 710 4417 u.
728 4363 982 4424 ”Udeuruolentlm
993 4369 1135 4426 benignitas.
