2624 5108
544 796 648 872 Exul.
1037 797 1109 868 453

87 991 237 1073 dignenrr
268 1009 324 1049 sua
355 990 500 1052 sanctitas
527 989 601 1053 bula
623 990 901 1072 Theologistarum
922 1000 954 1052 et
975 987 1111 1059 maxime
1155 977 1157 981 ⁷

86 1092 220 1174 garrulis
247 1089 414 1169 sophistis,
449 1090 529 1182 (qui
555 1111 610 1167 ea,
646 1112 715 1174 quaa
741 1090 906 1175 Evangelii
928 1101 1018 1164 suut,
1051 1110 1111 1170 pro

86 1211 202 1254 eorum
221 1189 352 1251 libidine
372 1202 541 1274 torquere,
562 1191 754 1274 penitusque
773 1201 917 1252 evertere
936 1189 1080 1251 nituntur
1089 1188 1112 1265 ‚)

87 1291 192 1353 errori
212 1289 350 1362 mederi:
386 1313 481 1374 quam
497 1291 552 1356 tibi
575 1291 622 1359 liis
639 1290 756 1375 uostpis
772 1290 870 1353 literis
889 1289 941 1353 hie
963 1289 1113 1352 introclu-

87 1412 154 1455 sam
173 1391 359 1455 transmitto.
404 1393 496 1454 Hanc
514 1414 578 1474 quo
597 1391 688 1453 citius
708 1390 828 1472 poteris
847 1390 1048 1469 signandam,
1078 1400 1115 1450 ut

87 1490 187 1553 moris
211 1503 276 1565 est,
302 1503 491 1571 praesentare
507 1492 606 1567 velis,
637 1512 674 1554 aa
695 1494 834 1573 desuper
857 1490 1021 1554 Porrtilicis
1042 1510 1113 1550 sen-

87 1591 218 1654 tentiam
248 1602 368 1672 petere.
422 1596 526 1673 Quam
552 1596 604 1655 vel
630 1615 671 1656 ex
697 1595 759 1656 hoc
788 1613 854 1653 urm
886 1598 956 1658 (mc
985 1589 1115 1670 judice)

87 1693 180 1760 facile
206 1691 382 1766 obtinebis,
414 1695 504 1776 qiiod
529 1693 706 1758 Florentlni
727 1693 797 1754 lere
817 1712 943 1767 omnes,
980 1692 1113 1753 Gallicas

87 1789 151 1875 jam
172 1813 299 1867 causas,
320 1805 352 1853 et
370 1794 500 1876 quidem
516 1816 630 1879 magno
653 1794 788 1856 concilio
808 1803 958 1868 tractent,
978 1791 1114 1855 maxime

17 1936 21 1943 -
88 1893 145 1956 ubi
167 1892 312 1976 utrisque
332 1895 508 1974 periculum
527 1896 691 1959 imminere
713 1893 925 1978 prospiciant,
954 1895 995 1954 de
1015 1891 1114 1956 sacris

87 1986 186 2057 literis
209 1993 284 2056 alias
310 1995 471 2058 minimum
501 1995 579 2079 quid
604 1997 790 2073 cogitantes.
829 1995 893 2057 Fac
916 2015 1015 2076 ergo,
1044 1992 1114 2056 dili·

56 2173 61 2182 ·
88 2113 168 2177 gens
189 2093 232 2158 sis
252 2095 450 2170 sollicitator,
481 2093 557 2159 item
582 2108 614 2158 et
631 2107 820 2178 procurator
844 2094 877 2153 lu
899 2115 935 2154 re
953 2104 1015 2155 tam
1032 2095 1114 2155 seria

57 2192 60 2197 ’
89 2206 122 2258 et
147 2195 225 2278 quid
255 2197 401 2259 effeceris
429 2200 611 2279 quantotius
637 2198 787 2261 rescribe.
847 2198 924 2256 Nam
953 2191 1113 2254 'l'acetlaui

91 2294 185 2358 rubei
207 2315 244 2358 ac
269 2296 365 2375 grisei
384 2297 573 2374 Alleldiani,
606 2318 784 2378 eorumque
808 2293 912 2373 pallidi
933 2293 1114 2370 srrgeilluto·

89 2384 262 2479 ressaegre
282 2398 375 2458 finem
395 2409 571 2479 expectant.
601 2401 707 2460 Vale!
728 2395 850 2474 Cyrum
869 2407 901 2455 et
920 2391 1112 2464 Vadiscum,

89 2494 178 2559 viros
206 2506 242 2558 ut
266 2495 427 2577 integros,
465 2496 511 2560 sic
539 2500 614 2563 milii
628 2505 633 2516 ⁴
646 2497 870 2570 amicissimos,
901 2494 1008 2556 verbis
1035 2491 1113 2554 meis

89 2598 194 2660 salvos
235 2610 363 2680 exopta.
408 2597 611 2682 'Antverpiae
649 2598 819 2681 penultima
855 2595 971 2662 meusis
1006 2593 1113 2671 iunii,
1218 2624 1222 2632 ·

90 2697 186 2760 Anno
208 2698 256 2760 Μ.
275 2699 317 2774 D.
336 2701 413 2764 XX.
