2624 5108
410 748 457 823 de
482 771 557 822 non
583 745 710 821 dandis
733 747 907 823 Decimii.
1094 750 1164 831 sta

148 951 184 1003 nt
196 942 359 1020 populns,
390 958 463 1003 eum
487 961 523 1002 se
547 960 615 1002 rem
635 958 754 1004 sacram
777 938 884 1003 faeere
903 940 976 1002 Deo
995 940 1164 1017 existimet,

147 1041 282 1103 avaritie
301 1040 471 1115 sacrificet,
492 1062 563 1122 que
579 1053 679 1106 mater
695 1051 744 1101 est
763 1041 845 1101 salse
864 1039 1036 1122 religionis.
1074 1039 1163 1117 Falli,

146 1160 270 1213 errare,
297 1141 377 1214 labi,
404 1141 528 1221 decipi,
557 1141 678 1224 ubique
697 1151 790 1218 turpe
809 1152 872 1214 est,
902 1161 958 1220 per
978 1140 1164 1222 religionem

146 1258 225 1300 vero
240 1239 467 1318 turpissimum,
486 1262 579 1324 qnam
588 1262 683 1303 unani
697 1241 790 1303 trabis
803 1253 914 1303 eontra
927 1241 1043 1304 noxios
1056 1261 1162 1307 mores

147 1338 278 1400 eontulit
295 1338 402 1401 divina
418 1339 551 1402 bonitas.
580 1342 896 1405 Haeo-absolutiorem
911 1353 1029 1422 partem
1042 1343 1163 1420 pietatis

144 1440 237 1502 nobis
256 1439 416 1521 proponit.
454 1440 608 1518 Primum,
630 1444 733 1505 Deum
746 1462 849 1505 aniate
867 1441 1011 1504 omnibns
1031 1441 1163 1518 viribus,

147 1540 328 1622 proximtnn
346 1541 515 1603 ‹leiude-ut
532 1562 591 1604 nos
608 1542 704 1623 ipsos.
742 1545 785 1605 At
800 1541 963 1624 quemodo
980 1540 1065 1603 illum
1080 1542 1163 1604 ama-¹

146 1639 264 1715 bimus,
286 1662 356 1701 eum
374 1641 516 1704 videmus
535 1639 604 1722 ejus
620 1653 816 1704 sacrosancta
830 1655 984 1723 praesepta
999 1642 1162 1707 manifeste

146 1743 255 1822 pollui.
296 1743 362 1802 Nee
389 1754 491 1803 tamen
519 1743 716 1823 occurrendo
746 1742 802 1803 sed
827 1740 933 1821 potius
958 1743 1162 1806 convivendo

147 1840 240 1918 e'pem
254 1841 382 1904 ferimus
400 1843 557 1920 impietati.
596 1846 648 1906 An
665 1843 715 1903 ille
734 1842 912 1922 proximum
929 1842 1051 1906 sineere
1068 1854 1161 1916 amat,

148 1939 204 2020 qui
223 1939 256 2001 in
275 1939 475 2001 incommodo
496 1939 575 2002 iliius
594 1944 788 2005 rernnrendo
807 1943 882 2004 nihil
902 1955 950 2005 est
969 1943 1162 2024 occupatus?

147 2041 231 2104 Nolo
255 2043 386 2102 amioum
412 2042 487 2102 nihil
511 2041 676 2105 sollicitum
701 2045 741 2103 de
765 2046 862 2105 sainte
888 2063 966 2103 mea.
1013 2044 1161 2108 lnimieut

147 2139 222 2205 mihi
235 2141 402 2215 habeatur,
417 2141 471 2223 qui
485 2163 502 2202 a
516 2162 644 2203 menon
658 2144 820 2223 propulset
840 2139 986 2220 injuriam
1005 2141 1031 2200 si
1045 2152 1163 2221 potest,

146 2252 178 2302 et
201 2251 304 2302 tamen
322 2240 371 2300 illa
397 2260 462 2301 non
486 2241 637 2321 legimus,
668 2264 727 2303 nee
746 2243 909 2312 audimus,
940 2240 998 2301 sod
1017 2236 1162 2319 quotidie

144 2338 216 2401 lieri
238 2338 412 2414 videmus,
430 2342 515 2401 nullo
535 2341 695 2403 hominum
712 2345 910 2411 reluctante,
930 2337 986 2400 sed
1008 2336 1161 2417 patienter

145 2438 328 2515 adpomnem
346 2439 565 2519 ignominiam,
593 2443 683 2524 quari
702 2460 767 2501 non
787 2439 890 2519 potius
910 2436 1099 2498 eositumolia
1118 2435 1166 2497 sit'

144 2537 236 2612 Deo,
269 2558 362 2621 quam
390 2539 595 2621 obsequium:
630 2543 720 2605 stulta
748 2537 905 2618 patientia.
944 2535 1072 2598 Utinam
1098 2547 1163 2596 tam·

143 2637 235 2701 facile
258 2637 378 2717 possint
398 2639 454 2701 ista
480 2641 637 2701 emendari
661 2660 754 2721 quam
775 2635 974 2716 reprehendi.
1003 2633 1160 2715 lit-prin·

143 2736 230 2819 cipes
262 2740 361 2800 nostri
391 2740 508 2801 nodent
536 2750 691 2820 perpetuo
719 2737 913 2812 connivere,
950 2736 1007 2797 sed
1033 2737 1158 2798 tandem

144 2839 277 2921 aliquam
296 2850 435 2920 partem,
462 2840 571 2901 sinon
592 2850 714 2913 totum,
736 2828 904 2919 'perversa
923 2836 1159 2900 consuetudinis

144 2939 324 3017 precidere.
372 2938 498 3019 (trianto
528 2938 708 3022 respirabilins
733 2956 785 2999 res
811 2949 872 3000 tarn
896 2936 1036 3017 prolana
1065 2954 1160 3018 quam

144 3056 238 3096 saeue
257 3057 291 3097 se
310 3039 484 3099 haberent?
523 3040 594 3119 Ego
613 3038 696 3100 enim
715 3037 761 3098 sie
779 3036 941 3110 existimo,
963 3035 1094 3116 imperia
1112 3035 1159 3097 his

143 3134 261 3197 artibus
276 3135 386 3197 melius
400 3137 543 3209 retineri,
557 3138 678 3221 *quilius
694 3136 909 3220 acquiruntur.
936 3139 979 3198 At
992 3134 1160 3213 imperinm

144 3233 354 3297 Christianum
368 3235 555 3310 murrinis,
574 3256 639 3298 non
656 3237 762 3319 gladio
781 3246 994 3318 comparatum
1012 3239 1077 3308 es't,
1101 3232 1160 3295 sed

143 3335 258 3417 pietate
296 3345 328 3396 et
359 3335 488 3415 optimis
512 3335 677 3417 exemplis·
695 3336 835 3400 vivendi.
886 3338 964 3416 Quae
993 3345 1161 3415 postquam

142 3454 268 3516 pessum
292 3435 453 3510 abierunt,
484 3435 588 3498 omnia
615 3437 699 3499 bona
724 3439 896 3517 retrolapsa
921 3447 1007 3499 suist.
1056 3432 1160 3496 Multa

143 3534 271 3614 imperia
298 3533 505 3616 perdidimus,
520 3517 632 3618 -qniin
651 3548 753 3610 artes,
779 3554 837 3616 per
854 3556 934 3618 quas
952 3545 1041 3618 parte
1059 3540 1160 3606 erant,

145 3654 210 3696 non
229 3633 425 3695 retinuimus.
463 3633 585 3696 Amissa
604 3645 652 3695 est
669 3635 789 3714 pietas,
819 3635 1005 3697 retinuimus
1032 3652 1160 3694 nomen.

143 3735 318 3797 Salatamur
336 3734 369 3795 iu
388 3733 451 3795 vita
469 3730 667 3808 sanctissimi,
695 3744 728 3793 et
746 3744 968 3812 postmortem
986 3752 1081 3794 nemo
1101 3748 1161 3792 nos

142 3835 288 3915 dignatur
320 3833 447 3895 nomine
479 3831 657 3894 sanctitatis.
708 3832 761 3895 Ab
796 3832 855 3894 aaa
891 3842 991 3910 parte·
1013 3826 1161 3912 paulatim

142 3933 234 4012 eoepit
253 3955 441 4014 proserpere
461 3931 546 3995 riuis
565 3931 701 3994 exitiale.
747 3930 872 3994 Deinde
889 3926 988 3991 eeteri
1008 3944 1159 4009 proceres

141 4033 240 4096 meriti
262 4050 334 4095 suist
354 4056 418 4096 uon
438 4033 586 4115 segniter.
635 4034 723 4113 Ergo
746 4030 860 4096 mirum
880 4048 951 4091 non
974 4039 1039 4103 est,
1073 4024 1162 4108 quod

142 4130 268 4195 anobis
288 4132 442 4195 alienatur
460 4133 591 4194 saterris
613 4133 729 4206 lavor,
760 4141 793 4192 et
818 4151 878 4191 nos
904 4147 983 4190 non·
997 4127 1162 4210 cognoscit

141 4233 288 4311 amplius,
309 4244 402 4312 almis
421 4234 531 4313 preda·
548 4231 699 4316 relinquit
713 4229 862 4310 improbo
877 4227 970 4291 hosti.
991 4228 1161 4290 Porititiees

142 4332 226 4394 enirn
245 4331 399 4407 Romaiu,
433 4341 782 4421 postquamceperunt
806 4328 939 4412 profana
967 4347 1039 4391 enm
1064 4328 1161 4392 saeris
