2624 5108
144 871 187 942 to
364 864 432 963 Ep.
459 863 505 937 ad
526 862 648 960 Marq.
675 865 720 937 de
745 863 921 939 Haletein.

139 1059 312 1123 acerbum?
339 1070 400 1121 tam
419 1058 574 1121 immane?
601 1030 725 1141 Ecquid¹
734 1058 829 1139 igitur
847 1058 919 1122 satis
939 1058 1033 1142 digna
1051 1063 1147 1142 ultio,

141 1182 204 1244 qua
237 1161 270 1222 in
301 1160 385 1221 illurn
418 1158 594 1222 eamifieem
626 1158 812 1220 invehantur
848 1180 955 1220 omnes
991 1164 1121 1221 Ilntteni
1132 1171 1149 1220 ?

142 1282 250 1322 omnes
269 1259 382 1320 Franci
401 1256 559 1340 Equites?
590 1257 684 1320 irnmo
704 1279 782 1319 vero
808 1259 954 1321 universa
976 1258 1148 1322 Germaniae

142 1360 314 1424 nobilitas?
336 1359 396 1421 Hic
415 1379 493 1420 vero
514 1359 592 1442 quid
609 1356 673 1440 egit
687 1357 830 1420 nebulo?
848 1361 934 1421 dolet
945 1377 982 1421 ae
998 1359 1148 1441 poenitet?

141 1482 180 1522 an
201 1457 425 1539 poenitudinem
448 1479 514 1520 non
542 1458 673 1521 admittit
702 1470 785 1519 tanta
809 1458 942 1521 feritas?
979 1470 1011 1520 et
1040 1479 1076 1519 ea
1102 1468 1151 1520 est

140 1557 273 1620 hominis
299 1554 427 1632 malitia,
449 1578 517 1639 quie
537 1558 627 1622 nullis
647 1557 843 1622 conscientie
863 1554 992 1620 stimulis
1013 1559 1150 1621 obnoxia

141 1657 206 1719 sit?
225 1655 353 1717 Interim
372 1657 412 1718 de
433 1655 555 1720 Cesare
570 1673 638 1739 qure‘
659 1680 729 1740 spes
754 1658 825 1721 est?
845 1680 1005 1741 egressum
1025 1681 1150 1720 ornnem

141 1758 268 1819 niodum
304 1759 404 1817 scelus
440 1756 625 1837 impunitum
663 1758 767 1820 sinet?
815 1771 867 1820 eut
904 1778 983 1819 vero
1022 1757 1150 1840 aliquod

141 1856 264 1938 justitie
284 1879 347 1918 suae
368 1857 591 1921 documentum
609 1856 736 1921 daturus
755 1856 915 1921 ereditur?
942 1856 1040 1921 Certe
1051 1867 1148 1936 puto:

142 1977 331 2040 quemquam
363 1955 486 2019 interim
520 1968 650 2033 metuo,
692 1979 732 2021 ne
763 1981 832 2041 que
873 1958 1013 2021 studiose
1045 1955 1149 2038 inqui·

140 2067 306 2129 retertur,
346 2055 373 2116 si
393 2067 539 2138 negasset
556 2058 733 2132 maleficus,
766 2060 876 2121 eudem
901 2058 1039 2141 segniter
1058 2056 1149 2137 puni·

141 2168 255 2231 autur,
287 2176 385 2236 quum
401 2154 544 2249 letentur.
583 2157 679 2236 Quod
702 2159 742 2220 ad
760 2169 790 2219 te
809 2159 965 2239 pertinet,
983 2158 1148 2240 diligenter

139 2254 312 2337 investiga,
348 2254 426 2338 quid
455 2257 526 2330 fiet,
559 2266 592 2315 et
619 2257 697 2338 quid
721 2277 829 2321 onmes
854 2269 977 2339 parent3
1013 2278 1048 2319 ae
1072 2278 1149 2319 eon-

141 2358 245 2419 l'estim
267 2357 306 2417 ad
324 2377 374 2417 me
389 2354 589 2434 perscribito.
628 2357 699 2436 Ego
730 2357 851 2419 interea
877 2379 928 2421 me
956 2357 1147 2418 exerueinbo

141 2456 210 2532 hio,
249 2475 352 2538 neque
372 2455 470 2538 magis
486 2475 567 2537 aqua
588 2455 739 2530 madebo,
766 2479 860 2538 qutun
877 2457 1027 2536 lacrymis.
1058 2459 1148 2517 Volo.

142 2559 193 2618 Ex
209 2556 352 2620 Thermis
373 2556 604 2630 Ernisensihus,
635 2556 735 2637 Nonis
755 2557 849 2618 tllaiis
872 2558 919 2617 M.
938 2558 978 2621 D.
998 2558 1073 2617 XV.
