2624 5108
149 904 214 973 150
386 890 430 967 In
453 890 640 965 Uhiehum
662 886 916 985 Wirtenberg'.

142 1087 351 1152 reverentiam
367 1076 457 1150 istius
476 1086 571 1147 sexus
587 1092 692 1143 tacere
711 1078 905 1153 statuissem,
934 1078 1036 1141 dicam
1052 1088 1091 1151 nt
1108 1088 1168 1139 est.

142 1196 184 1255 Et
207 1211 319 1253 verum
343 1184 415 1267 uio,
445 1208 489 1269 qu
551 1194 648 1247 'meus
666 1180 867 1263 propinquus
893 1178 934 1241 de
957 1189 1012 1247 tua
1035 1175 1168 1239 libidine

143 1304 272 1375 questus
291 1288 385 1352 uobis
402 1296 467 1361 est,
491 1184 598 1369 &e
617 1281 715 1362 ipsius
733 1279 829 1349 uxori
846 1278 1027 1343 insidiaturis
1041 1298 1167 1379 arrogo,

142 1390 278 1475 ejusque
290 1387 475 1471 pudicitiam
486 1404 599 1466 prece,
610 1404 647 1445 ee
655 1381 761 1464 pretio
771 1378 940 1463 atirprando
952 1384 1168 1459 oppugnat,

142 1492 257 1554 deinde
273 1490 350 1551 ittud
371 1486 565 1560 obtinuisse,
592 1484 675 1547 utin
692 1494 776 1547 tuam
795 1480 844 1545 itta
866 1477 1073 1559 cupiditatem
1092 1488 1170 1541 con·

141 1589 290 1664 senserit,
328 1605 492 1669 unumque
527 1584 686 1667 obstiq'sse
719 1582 830 1659 robis,
868 1580 959 1664 quod
995 1600 1054 1663 per·
1083 1576 1171 1647 iitunr

142 1688 296 1770 congredi
312 1708 377 1749 uon
396 1686 526 1763 liceret,
558 1707 654 1771 quem
677 1706 751 1753 eum
768 1682 1043 1747 anirnadvertirses
1060 1662 1170 1743 custi-

142 1792 214 1854 dem
232 1788 480 1873 vigilantiorem,
510 1798 543 1849 ct
563 1784 593 1863 *)
613 1786 804 1861 cautiorem,
829 1804 925 1869 qutun
942 1782 1047 1857 cuitu
1067 1778 1167 1841 verba

143 1892 219 1953 dare
248 1909 376 1971 posses,
420 1908 482 1951 nec
514 1899 620 1951 tamen
651 1886 797 1949 vinceres
828 1883 1031 1967 cupiditatem
1048 1870 1167 1954 ¹tuam,

143 1989 286 2074 nequitia
305 2000 453 2065 estuans,
480 1988 610 2059 libidine
625 1980 850 2061 infiammatus,
877 2002 985 2079 ampre
1004 1980 1168 2065 perditus,

144 2092 184 2152 ad
204 2086 371 2153 consitium
388 2110 501 2151 versus
523 2109 557 2151 es
577 2070 719 2164 n'orum,
746 2105 784 2151 ac
803 2086 997 2161 inauditum,
1028 2094 1060 2145 et
1079 2082 1170 2165 quod

143 2191 258 2255 nuttius
276 2190 411 2253 hominis
430 2189 503 2268 (uisi
517 2188 573 2273 qui
588 2200 619 2250 te
640 2190 739 2265 norit)
756 2187 836 2253 tides
855 2186 974 2269 capiat,
992 2195 1045 2245 tua
1064 2186 1170 2245 ta'mc'rr

142 2291 350 2375 protervitate
378 2311 445 2352 non
469 2288 645 2373 iudignum.
692 2287 820 2371 Quippe
849 2286 889 2349 ad
919 2248 1025 2367 ιιοιιὸιι
1040 2281 1170 2365 juvenis

143 2394 332 2465 devolutus,
353 2393 524 2469 lacrymans
543 2389 657 2464 orasti,
678 2400 714 2451 ut
730 2408 819 2452 suam
834 2386 892 2449 tibi
907 2406 1045 2451 uxorem
1065 2384 1170 2447 amori

141 2491 263 2557 liceret.
302 2492 377 2553 Hrec
397 2501 444 2553 est
463 2492 515 2552 itta
531 2489 628 2553 totius
645 2487 757 2551 subulco
778 2482 985 2567 catastrophe}
1025 2486 1102 2549 Hae
1120 2484 1171 2548 iliu

142 2593 281 2667 Helena,
301 2603 546 2675 propterquam
567 2589 653 2653 istud
673 2592 844 2655 condatum
862 2588 1055 2651 incendium.
1097 2574 1170 2649 Jarn

144 2692 228 2753 enim
249 2690 324 2773 quis
345 2702 379 2752 tn
403 2691 509 2753 onuria
532 2691 664 2771 pudoris
683 2693 815 2753 claustra
837 2685 1039 2769 perfregisti,
1070 2687 1171 2748 tremi

141 2791 204 2853 boc
223 2810 291 2852 uon
316 2787 465 2863 sustinet,
501 2800 534 2850 et
552 2801 657 2852 tecum
681 2789 716 2851 iu
732 2792 873 2871 apertum
893 2786 1171 2869 congrediendum

142 2900 200 2951 est.
255 2888 308 2950 Ad
345 2887 462 2966 pedes,
504 2888 654 2971 iuquam,
691 2890 773 2953 iltius
802 2890 989 2964 devolutus,
1029 2910 1102 2953 cum
1131 2912 1170 2952 ea

145 3008 270 3061 orares,
298 3009 369 3069 quse
397 2998 428 3047 te
447 2987 615 3068 impetrare
640 3012 706 3053 non
723 2990 870 3066 decebat,
896 3001 929 3053 et
945 3010 1016 3073 qua
1039 2990 1110 3065 ille,
1142 2991 1171 3053 si

143 3098 290 3168 negasset
323 3087 485 3163 severius,
529 3102 680 3172 quantum
716 3091 777 3153 sibi
807 3089 985 3171 periculum
1018 3090 1170 3165 instaret,

144 3188 375 3272 cognoscebat,
410 3189 504 3271 coepit
535 3202 567 3252 tc
592 3190 732 3255 vicissim
754 3190 859 3256 ruuttis
885 3210 998 3265 orare,
1037 3212 1079 3252 ne
1110 3189 1171 3252 sibi

143 3298 257 3370 prater
278 3282 437 3352 decorum'
449 3292 498 3365 ss)
526 3290 568 3351 ob
589 3311 658 3355 rem
677 3291 887 3373 turpissimam
911 3292 1046 3373 supptex
1064 3310 1170 3365 esses,

143 3408 225 3450 neve
253 3388 374 3470 aliquid
411 3394 476 3449 tuat·
501 3389 702 3467 conditione,
745 3403 803 3455 tuo
834 3410 971 3473 genere,
1003 3402 1061 3451 tuo
1086 3403 1171 3454 statu

140 3486 308 3569 indignum
327 3487 411 3567 apud
424 3506 459 3547 se
475 3488 542 3563 sm)
562 3490 783 3555 committeres.
820 3488 949 3553 interim
968 3488 1103 3565 veritus,
1127 3514 1171 3555 ue

141 3588 247 3670 (quod
260 3584 380 3649 factum
400 3599 511 3668 postea
528 3590 589 3665 est)
607 3612 654 3679 err¹
666 3610 774 3655 amore
791 3588 903 3653 uxoris
915 3600 1100 3653 nasceretur
1119 3593 1171 3656 sui

141 3687 276 3763 odium,
304 3687 420 3752 amicos
437 3689 580 3765 monuit,
607 3687 687 3771 putri
703 3690 845 3769 scripsit,
876 3710 913 3753 ac
931 3690 1077 3773 undique
1092 3710 1172 3754 con-

141 3787 244 3851 sitium
264 3788 391 3872 coc'git,
420 3791 584 3873 quomodo
604 3810 638 3851 se
656 3787 713 3853 tibi
734 3790 890 3870 eriperetr
921 3788 1007 3853 Cum
1026 3788 1115 3865 *mi
1133 3802 1170 3853 tu

142 3889 300 3972 quandum
323 3889 437 3951 utitem
465 3890 684 3970 prefecturam
709 3890 857 3964 offerres,
893 3911 963 3973 qure
983 3890 1170 3975 propinquo

141 3988 199 4052 tibi
215 3990 288 4051 loco
306 3986 430 4052 facilem
451 3990 492 4051 ad
510 3991 612 4053 scetus
631 3989 750 4053 aditum
770 3988 914 4072 prebere
931 3990 1105 4071 potuisset,
1124 3990 1171 4055 sic

141 4102 225 4153 ratus
254 4089 410 4154 contineri
432 4110 537 4169 posse.
589 4091 705 4173 Neque
732 4111 791 4152 nos
819 4088 872 4152 itto
895 4091 998 4154 adbuc
1027 4101 1171 4173 tempore

142 4189 256 4252 rictam
282 4189 337 4250 abs
359 4187 576 4253 remotiorem
601 4189 788 4255 sciebamus.
828 4190 952 4271 1mo†)
972 4194 1089 4257 nrdtarn
1108 4204 1171 4257 tun

145 4332 339 4349 ,ἦ

178 4418 208 4486 *)
228 4436 270 4483 er,
289 4439 323 4474 ac.
372 4418 418 4479 *U
435 4430 567 4487 urorum,
592 4432 657 4478 tuan
673 4428 821 4488 stratuum.
868 4420 932 4491 Μ)
949 4431 1012 4477 uach
1032 4430 1169 4489 ιιιιιιςιιιιιιιε

178 4517 242 4566 apud
258 4528 284 4559 se
301 4511 433 4569 tetgesezt.
469 4504 541 4565 ’Νι
560 4516 619 4562 cum
629 4549 638 4575 ,
656 4528 719 4563 con.
751 4506 784 4577 r)
802 4518 874 4574 tmo,
892 4515 947 4561 imo.
