2624 5108
449 1342 496 1405 ln
528 1335 884 1404 sceiersiissimem

192 1518 444 1598 Joannis
481 1512 892 1614 Pepericorni
929 1519 1135 1608 ritem,

353 1714 489 1772 U1rici
518 1712 562 1767 eb
592 1710 756 1776 Hntten,
785 1707 970 1781 Equitis‚

528 1872 795 1943 Exciumetie.

472 2214 549 2288 Ad
580 2215 847 2288 Lectorem.

146 2362 209 2443 'nic
230 2378 313 2441 diras
333 2374 641 2448 scemurense,
662 2374 853 2460 iirnesteque
872 2385 980 2437 narret

224 2477 381 2554 Crimina,
403 2474 510 2541 subtili
529 2475 752 2538 commoditate
771 2476 869 2550 iiber,
908 2482 910 2487 '

147 2581 226 2663 Qum
246 2579 489 2660 Pepereornus,
510 2577 649 2639 recutite
668 2576 771 2659 geniis
792 2578 952 2653 alumnus,

223 2680 289 2746 Sed
306 2678 501 2759 baptizatus,
521 2677 618 2753 feeit,
638 2688 670 2740 et
689 2676 764 2760 igne
783 2677 851 2742 luit.

584 2834 726 2877 ’.ᾧ

146 2980 297 3068 Tantane
319 3008 404 3063 ferali
424 3009 542 3080 potuit,
561 3010 640 3082 proh
657 3008 798 3080 Jupiter,
820 3007 865 3064 irs

145 3103 252 3161 Exeiri
271 3102 396 3159 rabies?
416 3113 464 3158 aut
482 3114 542 3157 tem
559 3103 708 3157 violentus
724 3103 761 3156 eb
781 3103 840 3181 uiso

146 3194 323 3255 Transmirti
342 3194 562 3265 Phlegethonte
582 3196 693 3254 furor?
709 3196 778 3251 Nos
797 3195 922 3251 erimina
940 3213 1061 3253 summo

143 3288 317 3347 Viderimus
336 3299 480 3361 provecte
498 3290 596 3343 loco?
614 3303 671 3343 nos
689 3288 816 3360 pessime
834 3306 958 3346 morum

144 3384 275 3441 Foederit
293 3382 408 3437 facies?
427 3380 481 3434 nisi
501 3379 599 3434 adhuc
620 3383 723 3451 pejore
743 3382 911 3439 redundent

146 3477 303 3546 Tempora
321 3488 484 3539 successu,
503 3473 664 3545 vincetque
685 3476 823 3547 exempla
840 3478 979 3546 priorum

145 3568 254 3620 Ultima
273 3583 398 3637 quaeque
417 3559 504 3621 dies?
522 3583 587 3636 quse
604 3586 665 3622 non
685 3570 770 3640 prior
789 3571 879 3628 audiit
896 3581 984 3638 aetes,

144 3660 179 3714 In
196 3669 322 3715 nostros
341 3661 479 3721 cecidere
500 3661 574 3721 dies.
613 3661 693 3736 Quid
712 3672 851 3737 tempora
869 3665 993 3719 dernens

144 3755 342 3825 Aetatemque
361 3757 500 3826 queror?
522 3755 620 3827 potuit
637 3754 802 3811 Germania
820 3766 934 3813 tentum

143 3845 354 3917 Progenerere
370 3849 483 3904 nefus?
504 3858 532 3903 te
551 3849 794 3921 prestantissima
812 3864 917 3905 rerum

143 3941 212 3997 Diis
231 3942 348 4014 superis
365 3942 472 3999 dileete
490 3958 619 4012 parens,
642 3943 776 4012 potuisse
793 3942 887 3999 videri

143 4035 236 4093 Ferre
256 4036 509 4107 Pepereornum?
537 4034 616 4090 Date
634 4035 705 4091 dirae
726 4034 837 4089 oblivia
857 4036 946 4093 sumre

142 4128 293 4184 Numina:
318 4129 469 4197 contingat
487 4137 609 4183 nostros
628 4128 747 4183 nescire
768 4127 918 4194 minores,

144 4221 286 4293 Quorum
309 4237 366 4274 nos
385 4221 509 4291 puduit,
527 4221 575 4275 vei
594 4221 618 4275 si
637 4219 812 4275 meminisse
829 4219 935 4276 licebit

143 4315 267 4367 Conseri
287 4314 402 4383 majora
421 4314 489 4369 iide.
527 4314 689 4372 Germania
707 4332 746 4371 ne
765 4315 803 4370 sit

140 4406 285 4462 Nominis
304 4407 457 4461 indicium.
496 4406 577 4482 Quid
597 4409 677 4470 euim
697 4426 760 4470 non
778 4408 826 4463 ills
844 4424 994 4465 venenum

142 4500 266 4567 Triste,
290 4500 459 4556 salutiferas
478 4501 555 4561 iuter
572 4502 757 4575 produceret
773 4502 912 4559 herbae?
