<?xml version="1.0" encoding="UTF-8"?>
<!DOCTYPE html PUBLIC "-//W3C//DTD XHTML 1.0 Transitional//EN"
    "http://www.w3.org/TR/xhtml1/DTD/xhtml1-transitional.dtd">
<html xmlns="http://www.w3.org/1999/xhtml" xml:lang="en" lang="en">
 <head>
  <title>
</title>
<meta http-equiv="Content-Type" content="text/html;charset=utf-8" />
  <meta name='ocr-system' content='tesseract 3.04.00' />
  <meta name='ocr-capabilities' content='ocr_page ocr_carea ocr_par ocr_line ocrx_word'/>
</head>
<body>
  <div class='ocr_page' id='page_1' title='image "./ulrichiabhutten03mngoog_0434.png"; bbox 0 0 2624 5108; ppageno 0'>
   <div class='ocr_carea' id='block_1_1' title="bbox 509 800 1093 895">
    <p class='ocr_par' dir='ltr' id='par_1_1' title="bbox 509 800 1093 895">
     <span class='ocr_line' id='line_1_1' title="bbox 509 800 1093 895; baseline 0.003 -22"><span class='ocrx_word' id='word_1_1' title='bbox 509 800 684 895; x_wconf 76' lang='lat' dir='ltr'>Epistola.</span> <span class='ocrx_word' id='word_1_2' title='bbox 1023 801 1093 876; x_wconf 78' lang='lat' dir='ltr'>ut</span> 
     </span>
    </p>
   </div>
   <div class='ocr_carea' id='block_1_2' title="bbox 88 989 1119 4481">
    <p class='ocr_par' dir='ltr' id='par_1_2' title="bbox 88 989 1119 4275">
     <span class='ocr_line' id='line_1_2' title="bbox 88 989 1096 1079; baseline 0 -26"><span class='ocrx_word' id='word_1_3' title='bbox 88 989 240 1074; x_wconf 85' lang='lat' dir='ltr'>privatam</span> <span class='ocrx_word' id='word_1_4' title='bbox 264 989 410 1079; x_wconf 80' lang='lat' dir='ltr'>injuriam</span> <span class='ocrx_word' id='word_1_5' title='bbox 434 990 639 1066; x_wconf 84' lang='lat' dir='ltr'>ulciscantur,</span> <span class='ocrx_word' id='word_1_6' title='bbox 673 992 768 1054; x_wconf 88' lang='lat' dir='ltr'>immo</span> <span class='ocrx_word' id='word_1_7' title='bbox 793 992 937 1073; x_wconf 86' lang='lat' dir='ltr'>iujuriam</span> <span class='ocrx_word' id='word_1_8' title='bbox 962 992 1023 1073; x_wconf 88' lang='lat' dir='ltr'>ipsi</span> <span class='ocrx_word' id='word_1_9' title='bbox 1050 990 1096 1053; x_wconf 89' lang='lat' dir='ltr'>iu-</span> 
     </span>
     <span class='ocr_line' id='line_1_3' title="bbox 88 1088 1097 1172; baseline -0.003 -16"><span class='ocrx_word' id='word_1_10' title='bbox 88 1092 192 1157; x_wconf 81' lang='lat' dir='ltr'>feraut</span> <span class='ocrx_word' id='word_1_11' title='bbox 218 1112 255 1152; x_wconf 86' lang='lat' dir='ltr'>ac</span> <span class='ocrx_word' id='word_1_12' title='bbox 286 1088 505 1153; x_wconf 81' lang='lat' dir='ltr'>innocentibus</span> <span class='ocrx_word' id='word_1_13' title='bbox 534 1091 700 1153; x_wconf 80' lang='lat' dir='ltr'>discrimen</span> <span class='ocrx_word' id='word_1_14' title='bbox 734 1090 898 1172; x_wconf 83' lang='lat' dir='ltr'>objiciant,</span> <span class='ocrx_word' id='word_1_15' title='bbox 935 1115 1008 1154; x_wconf 88' lang='lat' dir='ltr'>cum</span> <span class='ocrx_word' id='word_1_16' title='bbox 1033 1095 1097 1155; x_wconf 85' lang='lat' dir='ltr'>inre</span> 
     </span>
     <span class='ocr_line' id='line_1_4' title="bbox 90 1190 1097 1270; baseline -0.002 -14"><span class='ocrx_word' id='word_1_17' title='bbox 90 1190 197 1256; x_wconf 86' lang='lat' dir='ltr'>omnia</span> <span class='ocrx_word' id='word_1_18' title='bbox 232 1190 384 1270; x_wconf 76' lang='lat' dir='ltr'>superbe,</span> <span class='ocrx_word' id='word_1_19' title='bbox 428 1191 612 1266; x_wconf 85' lang='lat' dir='ltr'>curdeliter,</span> <span class='ocrx_word' id='word_1_20' title='bbox 654 1190 821 1255; x_wconf 88' lang='lat' dir='ltr'>immodice</span> <span class='ocrx_word' id='word_1_21' title='bbox 857 1212 894 1253; x_wconf 90' lang='lat' dir='ltr'>ae</span> <span class='ocrx_word' id='word_1_22' title='bbox 925 1194 1097 1254; x_wconf 72' lang='lat' dir='ltr'>insolenter</span> 
     </span>
     <span class='ocr_line' id='line_1_5' title="bbox 91 1290 1099 1375; baseline 0 -21"><span class='ocrx_word' id='word_1_23' title='bbox 91 1290 224 1365; x_wconf 79' lang='lat' dir='ltr'>iaciant,</span> <span class='ocrx_word' id='word_1_24' title='bbox 251 1291 329 1373; x_wconf 88' lang='lat' dir='ltr'>quid</span> <span class='ocrx_word' id='word_1_25' title='bbox 347 1290 498 1365; x_wconf 87' lang='lat' dir='ltr'>obstabit,</span> <span class='ocrx_word' id='word_1_26' title='bbox 533 1312 598 1375; x_wconf 91' lang='lat' dir='ltr'>qno</span> <span class='ocrx_word' id='word_1_27' title='bbox 615 1290 717 1355; x_wconf 86' lang='lat' dir='ltr'>miuus</span> <span class='ocrx_word' id='word_1_28' title='bbox 737 1291 905 1375; x_wconf 86' lang='lat' dir='ltr'>aliquando</span> <span class='ocrx_word' id='word_1_29' title='bbox 923 1292 1041 1354; x_wconf 84' lang='lat' dir='ltr'>baculis</span> <span class='ocrx_word' id='word_1_30' title='bbox 1062 1312 1099 1354; x_wconf 93' lang='lat' dir='ltr'>ac</span> 
     </span>
     <span class='ocr_line' id='line_1_6' title="bbox 90 1390 1099 1472; baseline 0 -19"><span class='ocrx_word' id='word_1_31' title='bbox 90 1390 244 1471; x_wconf 77' lang='lat' dir='ltr'>lapidibus</span> <span class='ocrx_word' id='word_1_32' title='bbox 264 1390 330 1451; x_wconf 85' lang='lat' dir='ltr'>talis</span> <span class='ocrx_word' id='word_1_33' title='bbox 350 1390 438 1452; x_wconf 90' lang='lat' dir='ltr'>modi</span> <span class='ocrx_word' id='word_1_34' title='bbox 457 1390 626 1472; x_wconf 75' lang='lat' dir='ltr'>hypocritis</span> <span class='ocrx_word' id='word_1_35' title='bbox 645 1392 876 1455; x_wconf 76' lang='lat' dir='ltr'>obnubemus?</span> <span class='ocrx_word' id='word_1_36' title='bbox 909 1394 1031 1470; x_wconf 79' lang='lat' dir='ltr'>Quodsi</span> <span class='ocrx_word' id='word_1_37' title='bbox 1049 1414 1099 1453; x_wconf 88' lang='lat' dir='ltr'>me</span> 
     </span>
     <span class='ocr_line' id='line_1_7' title="bbox 91 1490 1103 1573; baseline 0 -20"><span class='ocrx_word' id='word_1_38' title='bbox 91 1491 196 1553; x_wconf 85' lang='lat' dir='ltr'>audiat</span> <span class='ocrx_word' id='word_1_39' title='bbox 236 1490 419 1565; x_wconf 84' lang='lat' dir='ltr'>Germania,</span> <span class='ocrx_word' id='word_1_40' title='bbox 466 1512 645 1573; x_wconf 80' lang='lat' dir='ltr'>quanquam</span> <span class='ocrx_word' id='word_1_41' title='bbox 681 1490 800 1555; x_wconf 80' lang='lat' dir='ltr'>inferre</span> <span class='ocrx_word' id='word_1_42' title='bbox 836 1491 950 1553; x_wconf 84' lang='lat' dir='ltr'>&#39;l&#39;ureis</span> <span class='ocrx_word' id='word_1_43' title='bbox 986 1493 1103 1553; x_wconf 87' lang='lat' dir='ltr'>bellum</span> 
     </span>
     <span class='ocr_line' id='line_1_8' title="bbox 91 1580 1099 1671; baseline -0.003 -17"><span class='ocrx_word' id='word_1_44' title='bbox 91 1610 221 1654; x_wconf 87' lang='lat' dir='ltr'>necesse</span> <span class='ocrx_word' id='word_1_45' title='bbox 245 1600 292 1651; x_wconf 88' lang='lat' dir='ltr'>est</span> <span class='ocrx_word' id='word_1_46' title='bbox 317 1592 378 1651; x_wconf 89' lang='lat' dir='ltr'>hoc</span> <span class='ocrx_word' id='word_1_47' title='bbox 409 1601 566 1670; x_wconf 83' lang='lat' dir='ltr'>tempore,</span> <span class='ocrx_word' id='word_1_48' title='bbox 603 1590 691 1671; x_wconf 86' lang='lat' dir='ltr'>prius</span> <span class='ocrx_word' id='word_1_49' title='bbox 724 1602 826 1655; x_wconf 88' lang='lat' dir='ltr'>tamen</span> <span class='ocrx_word' id='word_1_50' title='bbox 853 1580 926 1657; x_wconf 88' lang='lat' dir='ltr'>huic</span> <span class='ocrx_word' id='word_1_51' title='bbox 953 1592 1099 1653; x_wconf 85' lang='lat' dir='ltr'>intestino</span> 
     </span>
     <span class='ocr_line' id='line_1_9' title="bbox 91 1690 1102 1773; baseline -0.004 -18"><span class='ocrx_word' id='word_1_52' title='bbox 91 1694 173 1755; x_wconf 84' lang='lat' dir='ltr'>nalo</span> <span class='ocrx_word' id='word_1_53' title='bbox 192 1690 547 1773; x_wconf 81' lang='lat' dir='ltr'>remediumoppouere</span> <span class='ocrx_word' id='word_1_54' title='bbox 570 1712 664 1773; x_wconf 89' lang='lat' dir='ltr'>quarn</span> <span class='ocrx_word' id='word_1_55' title='bbox 683 1692 724 1753; x_wconf 89' lang='lat' dir='ltr'>de</span> <span class='ocrx_word' id='word_1_56' title='bbox 741 1691 877 1755; x_wconf 79' lang='lat' dir='ltr'>Asiatica</span> <span class='ocrx_word' id='word_1_57' title='bbox 898 1692 1102 1772; x_wconf 80' lang='lat' dir='ltr'>expeditione</span> 
     </span>
     <span class='ocr_line' id='line_1_10' title="bbox 93 1787 1103 1873; baseline 0 -20"><span class='ocrx_word' id='word_1_58' title='bbox 93 1791 233 1870; x_wconf 84' lang='lat' dir='ltr'>cogitare</span> <span class='ocrx_word' id='word_1_59' title='bbox 246 1787 380 1869; x_wconf 84' lang='lat' dir='ltr'>jussero.</span> <span class='ocrx_word' id='word_1_60' title='bbox 419 1791 593 1873; x_wconf 77' lang='lat' dir='ltr'>Numquid</span> <span class='ocrx_word' id='word_1_61' title='bbox 612 1792 882 1854; x_wconf 88' lang='lat' dir='ltr'>Othomauuorum</span> <span class='ocrx_word' id='word_1_62' title='bbox 900 1794 1029 1855; x_wconf 90' lang='lat' dir='ltr'>domum</span> <span class='ocrx_word' id='word_1_63' title='bbox 1045 1793 1103 1854; x_wconf 89' lang='lat' dir='ltr'>im-</span> 
     </span>
     <span class='ocr_line' id='line_1_11' title="bbox 94 1888 1103 1973; baseline 0.003 -21"><span class='ocrx_word' id='word_1_64' title='bbox 94 1891 225 1973; x_wconf 87' lang='lat' dir='ltr'>perandi</span> <span class='ocrx_word' id='word_1_65' title='bbox 242 1891 348 1953; x_wconf 91' lang='lat' dir='ltr'>studio</span> <span class='ocrx_word' id='word_1_66' title='bbox 370 1890 525 1953; x_wconf 88' lang='lat' dir='ltr'>inimicam</span> <span class='ocrx_word' id='word_1_67' title='bbox 547 1891 639 1953; x_wconf 89' lang='lat' dir='ltr'>uobis</span> <span class='ocrx_word' id='word_1_68' title='bbox 653 1888 803 1953; x_wconf 68' lang='lat' dir='ltr'>&#39;excisam</span> <span class='ocrx_word' id='word_1_69' title='bbox 827 1903 990 1973; x_wconf 78' lang='lat' dir='ltr'>tantopere</span> <span class='ocrx_word' id='word_1_70' title='bbox 1014 1892 1103 1971; x_wconf 86' lang='lat' dir='ltr'>cupi-</span> 
     </span>
     <span class='ocr_line' id='line_1_12' title="bbox 93 1990 1103 2071; baseline 0.002 -18"><span class='ocrx_word' id='word_1_71' title='bbox 93 2013 182 2065; x_wconf 85' lang='lat' dir='ltr'>mus,</span> <span class='ocrx_word' id='word_1_72' title='bbox 213 1991 240 2054; x_wconf 88' lang='lat' dir='ltr'>si</span> <span class='ocrx_word' id='word_1_73' title='bbox 259 1992 337 2054; x_wconf 83' lang='lat' dir='ltr'>istos</span> <span class='ocrx_word' id='word_1_74' title='bbox 360 1990 488 2053; x_wconf 82' lang='lat' dir='ltr'>serimus</span> <span class='ocrx_word' id='word_1_75' title='bbox 510 1990 542 2053; x_wconf 91' lang='lat' dir='ltr'>iu</span> <span class='ocrx_word' id='word_1_76' title='bbox 562 1991 666 2053; x_wconf 88' lang='lat' dir='ltr'>medio</span> <span class='ocrx_word' id='word_1_77' title='bbox 687 1992 788 2054; x_wconf 83' lang='lat' dir='ltr'>nostri</span> <span class='ocrx_word' id='word_1_78' title='bbox 809 1993 963 2055; x_wconf 72' lang='lat' dir='ltr'>universa</span> <span class='ocrx_word' id='word_1_79' title='bbox 980 1993 1103 2071; x_wconf 85' lang='lat' dir='ltr'>pietatis</span> 
     </span>
     <span class='ocr_line' id='line_1_13' title="bbox 94 2090 1105 2173; baseline -0.001 -19"><span class='ocrx_word' id='word_1_80' title='bbox 94 2092 299 2155; x_wconf 82' lang='lat' dir='ltr'>inversores?</span> <span class='ocrx_word' id='word_1_81' title='bbox 325 2090 506 2155; x_wconf 75' lang='lat' dir='ltr'>christiana</span> <span class='ocrx_word' id='word_1_82' title='bbox 527 2090 684 2155; x_wconf 83' lang='lat' dir='ltr'>societatis</span> <span class='ocrx_word' id='word_1_83' title='bbox 701 2092 984 2173; x_wconf 82' lang='lat' dir='ltr'>conspurcatoresi&#39;</span> <span class='ocrx_word' id='word_1_84' title='bbox 1009 2094 1105 2155; x_wconf 85' lang='lat' dir='ltr'>iidem</span> 
     </span>
     <span class='ocr_line' id='line_1_14' title="bbox 96 2191 1105 2273; baseline -0.002 -19"><span class='ocrx_word' id='word_1_85' title='bbox 96 2191 297 2273; x_wconf 82' lang='lat' dir='ltr'>apostolicam</span> <span class='ocrx_word' id='word_1_86' title='bbox 330 2191 523 2255; x_wconf 78' lang='lat' dir='ltr'>millefariam</span> <span class='ocrx_word' id='word_1_87' title='bbox 553 2212 676 2273; x_wconf 84' lang='lat' dir='ltr'>semper</span> <span class='ocrx_word' id='word_1_88' title='bbox 705 2192 908 2255; x_wconf 76' lang='lat' dir='ltr'>scindentes?</span> <span class='ocrx_word' id='word_1_89' title='bbox 949 2211 1105 2253; x_wconf 73' lang='lat' dir='ltr'>novarum</span> 
     </span>
     <span class='ocr_line' id='line_1_15' title="bbox 96 2292 1105 2374; baseline -0.005 -18"><span class='ocrx_word' id='word_1_90' title='bbox 96 2314 220 2374; x_wconf 88' lang='lat' dir='ltr'>semper</span> <span class='ocrx_word' id='word_1_91' title='bbox 246 2292 476 2357; x_wconf 75' lang='lat' dir='ltr'>elisseruiouum</span> <span class='ocrx_word' id='word_1_92' title='bbox 503 2312 540 2354; x_wconf 80' lang='lat' dir='ltr'>ac</span> <span class='ocrx_word' id='word_1_93' title='bbox 568 2314 721 2356; x_wconf 82' lang='lat' dir='ltr'>novarum</span> <span class='ocrx_word' id='word_1_94' title='bbox 751 2292 912 2355; x_wconf 82' lang='lat' dir='ltr'>turbarum</span> <span class='ocrx_word' id='word_1_95' title='bbox 937 2294 1105 2351; x_wconf 66' lang='lat' dir='ltr'>auctorest</span> 
     </span>
     <span class='ocr_line' id='line_1_16' title="bbox 97 2392 1105 2475; baseline -0.004 -18"><span class='ocrx_word' id='word_1_96' title='bbox 97 2393 166 2459; x_wconf 80' lang='lat' dir='ltr'>Nisi</span> <span class='ocrx_word' id='word_1_97' title='bbox 184 2415 262 2455; x_wconf 85' lang='lat' dir='ltr'>vero</span> <span class='ocrx_word' id='word_1_98' title='bbox 282 2394 450 2455; x_wconf 87' lang='lat' dir='ltr'>obscurum</span> <span class='ocrx_word' id='word_1_99' title='bbox 474 2402 536 2467; x_wconf 88' lang='lat' dir='ltr'>est,</span> <span class='ocrx_word' id='word_1_100' title='bbox 562 2394 633 2475; x_wconf 88' lang='lat' dir='ltr'>quis</span> <span class='ocrx_word' id='word_1_101' title='bbox 652 2394 691 2454; x_wconf 87' lang='lat' dir='ltr'>ab</span> <span class='ocrx_word' id='word_1_102' title='bbox 709 2392 840 2455; x_wconf 87' lang='lat' dir='ltr'>ecclesia</span> <span class='ocrx_word' id='word_1_103' title='bbox 855 2402 1011 2453; x_wconf 86' lang='lat' dir='ltr'>strenuam</span> <span class='ocrx_word' id='word_1_104' title='bbox 1028 2410 1105 2471; x_wconf 74' lang='lat' dir='ltr'>geu·</span> 
     </span>
     <span class='ocr_line' id='line_1_17' title="bbox 99 2489 1106 2557; baseline -0.002 -2"><span class='ocrx_word' id='word_1_105' title='bbox 99 2506 163 2557; x_wconf 90' lang='lat' dir='ltr'>tem</span> <span class='ocrx_word' id='word_1_106' title='bbox 184 2496 341 2557; x_wconf 88' lang='lat' dir='ltr'>Bohemos</span> <span class='ocrx_word' id='word_1_107' title='bbox 360 2492 537 2556; x_wconf 77' lang='lat' dir='ltr'>abduxerit.</span> <span class='ocrx_word' id='word_1_108' title='bbox 579 2492 622 2557; x_wconf 88' lang='lat' dir='ltr'>Ut</span> <span class='ocrx_word' id='word_1_109' title='bbox 642 2494 717 2555; x_wconf 93' lang='lat' dir='ltr'>illud</span> <span class='ocrx_word' id='word_1_110' title='bbox 734 2491 858 2553; x_wconf 89' lang='lat' dir='ltr'>iuterim</span> <span class='ocrx_word' id='word_1_111' title='bbox 879 2489 1003 2553; x_wconf 87' lang='lat' dir='ltr'>silentio</span> <span class='ocrx_word' id='word_1_112' title='bbox 1022 2502 1106 2553; x_wconf 76' lang='lat' dir='ltr'>uan-</span> 
     </span>
     <span class='ocr_line' id='line_1_18' title="bbox 97 2592 1106 2671; baseline -0.006 -14"><span class='ocrx_word' id='word_1_113' title='bbox 97 2616 181 2657; x_wconf 88' lang='lat' dir='ltr'>seam</span> <span class='ocrx_word' id='word_1_114' title='bbox 203 2596 364 2657; x_wconf 87' lang='lat' dir='ltr'>Beruense</span> <span class='ocrx_word' id='word_1_115' title='bbox 387 2593 625 2671; x_wconf 74' lang='lat' dir='ltr'>predicatorum</span> <span class='ocrx_word' id='word_1_116' title='bbox 648 2595 765 2666; x_wconf 86' lang='lat' dir='ltr'>scelus,</span> <span class='ocrx_word' id='word_1_117' title='bbox 793 2592 907 2653; x_wconf 75' lang='lat' dir='ltr'>ladam</span> <span class='ocrx_word' id='word_1_118' title='bbox 933 2592 1106 2657; x_wconf 68' lang='lat' dir='ltr'>Germania</span> 
     </span>
     <span class='ocr_line' id='line_1_19' title="bbox 98 2690 1113 2773; baseline 0 -18"><span class='ocrx_word' id='word_1_119' title='bbox 98 2706 222 2770; x_wconf 89' lang='lat' dir='ltr'>notam,</span> <span class='ocrx_word' id='word_1_120' title='bbox 259 2717 295 2757; x_wconf 86' lang='lat' dir='ltr'>ac</span> <span class='ocrx_word' id='word_1_121' title='bbox 320 2695 353 2756; x_wconf 92' lang='lat' dir='ltr'>in</span> <span class='ocrx_word' id='word_1_122' title='bbox 376 2692 557 2757; x_wconf 86' lang='lat' dir='ltr'>memoriam</span> <span class='ocrx_word' id='word_1_123' title='bbox 579 2712 647 2753; x_wconf 89' lang='lat' dir='ltr'>non</span> <span class='ocrx_word' id='word_1_124' title='bbox 670 2712 820 2755; x_wconf 81' lang='lat' dir='ltr'>revocem</span> <span class='ocrx_word' id='word_1_125' title='bbox 842 2690 996 2773; x_wconf 83' lang='lat' dir='ltr'>publicam</span> <span class='ocrx_word' id='word_1_126' title='bbox 1020 2692 1113 2755; x_wconf 87' lang='lat' dir='ltr'>orbis-</span> 
     </span>
     <span class='ocr_line' id='line_1_20' title="bbox 99 2792 1108 2878; baseline -0.003 -20"><span class='ocrx_word' id='word_1_127' title='bbox 99 2809 219 2877; x_wconf 84' lang='lat' dir='ltr'>pestem</span> <span class='ocrx_word' id='word_1_128' title='bbox 250 2796 394 2878; x_wconf 73' lang='lat' dir='ltr'>Sergium</span> <span class='ocrx_word' id='word_1_129' title='bbox 424 2795 628 2867; x_wconf 85' lang='lat' dir='ltr'>monaahum,</span> <span class='ocrx_word' id='word_1_130' title='bbox 661 2792 835 2855; x_wconf 87' lang='lat' dir='ltr'>Mahumcti</span> <span class='ocrx_word' id='word_1_131' title='bbox 860 2794 1037 2865; x_wconf 88' lang='lat' dir='ltr'>alumnum,</span> <span class='ocrx_word' id='word_1_132' title='bbox 1074 2804 1108 2855; x_wconf 89' lang='lat' dir='ltr'>et</span> 
     </span>
     <span class='ocr_line' id='line_1_21' title="bbox 99 2892 1107 2978; baseline -0.003 -19"><span class='ocrx_word' id='word_1_133' title='bbox 99 2898 221 2978; x_wconf 86' lang='lat' dir='ltr'>reliqua</span> <span class='ocrx_word' id='word_1_134' title='bbox 244 2898 350 2959; x_wconf 86' lang='lat' dir='ltr'>sileam</span> <span class='ocrx_word' id='word_1_135' title='bbox 374 2897 475 2959; x_wconf 87' lang='lat' dir='ltr'>ounris</span> <span class='ocrx_word' id='word_1_136' title='bbox 497 2892 622 2975; x_wconf 73' lang='lat' dir='ltr'>generis</span> <span class='ocrx_word' id='word_1_137' title='bbox 646 2894 741 2967; x_wconf 87' lang='lat' dir='ltr'>mala,</span> <span class='ocrx_word' id='word_1_138' title='bbox 771 2892 935 2975; x_wconf 77' lang='lat' dir='ltr'>quadum</span> <span class='ocrx_word' id='word_1_139' title='bbox 961 2892 1107 2967; x_wconf 84' lang='lat' dir='ltr'>nimium,</span> 
     </span>
     <span class='ocr_line' id='line_1_22' title="bbox 100 2993 1109 3075; baseline 0 -18"><span class='ocrx_word' id='word_1_140' title='bbox 100 2996 229 3057; x_wconf 89' lang='lat' dir='ltr'>nimium</span> <span class='ocrx_word' id='word_1_141' title='bbox 239 3000 319 3075; x_wconf 91' lang='lat' dir='ltr'>proh</span> <span class='ocrx_word' id='word_1_142' title='bbox 328 2996 471 3071; x_wconf 84' lang='lat' dir='ltr'>Christe,</span> <span class='ocrx_word' id='word_1_143' title='bbox 507 2995 779 3065; x_wconf 67' lang='lat' dir='ltr'>demorabantur,</span> <span class='ocrx_word' id='word_1_144' title='bbox 795 2993 1030 3074; x_wconf 80' lang='lat' dir='ltr'>uoupnnimrn,</span> <span class='ocrx_word' id='word_1_145' title='bbox 1042 3015 1109 3057; x_wconf 91' lang='lat' dir='ltr'>non</span> 
     </span>
     <span class='ocr_line' id='line_1_23' title="bbox 101 3093 1109 3177; baseline 0.002 -20"><span class='ocrx_word' id='word_1_146' title='bbox 101 3094 274 3173; x_wconf 82' lang='lat' dir='ltr'>expiamus.</span> <span class='ocrx_word' id='word_1_147' title='bbox 313 3097 366 3156; x_wconf 88' lang='lat' dir='ltr'>&#39;l&#39;u</span> <span class='ocrx_word' id='word_1_148' title='bbox 385 3118 464 3157; x_wconf 85' lang='lat' dir='ltr'>vero</span> <span class='ocrx_word' id='word_1_149' title='bbox 484 3095 562 3177; x_wconf 91' lang='lat' dir='ltr'>quid</span> <span class='ocrx_word' id='word_1_150' title='bbox 577 3093 708 3159; x_wconf 85' lang='lat' dir='ltr'>consilio</span> <span class='ocrx_word' id='word_1_151' title='bbox 730 3093 775 3155; x_wconf 87' lang='lat' dir='ltr'>ibi</span> <span class='ocrx_word' id='word_1_152' title='bbox 791 3114 863 3155; x_wconf 91' lang='lat' dir='ltr'>meo</span> <span class='ocrx_word' id='word_1_153' title='bbox 882 3093 929 3155; x_wconf 90' lang='lat' dir='ltr'>uti</span> <span class='ocrx_word' id='word_1_154' title='bbox 946 3094 1011 3169; x_wconf 76' lang='lat' dir='ltr'>vis,</span> <span class='ocrx_word' id='word_1_155' title='bbox 1036 3116 1109 3159; x_wconf 86' lang='lat' dir='ltr'>eum</span> 
     </span>
     <span class='ocr_line' id='line_1_24' title="bbox 101 3193 1110 3277; baseline 0.003 -23"><span class='ocrx_word' id='word_1_156' title='bbox 101 3204 150 3255; x_wconf 85' lang='lat' dir='ltr'>tot</span> <span class='ocrx_word' id='word_1_157' title='bbox 169 3213 210 3253; x_wconf 85' lang='lat' dir='ltr'>ex</span> <span class='ocrx_word' id='word_1_158' title='bbox 236 3193 374 3271; x_wconf 85' lang='lat' dir='ltr'>epistolis</span> <span class='ocrx_word' id='word_1_159' title='bbox 402 3196 496 3271; x_wconf 86' lang='lat' dir='ltr'>meis,</span> <span class='ocrx_word' id='word_1_160' title='bbox 535 3195 613 3277; x_wconf 90' lang='lat' dir='ltr'>quid</span> <span class='ocrx_word' id='word_1_161' title='bbox 640 3216 658 3255; x_wconf 91' lang='lat' dir='ltr'>a</span> <span class='ocrx_word' id='word_1_162' title='bbox 694 3194 786 3257; x_wconf 89' lang='lat' dir='ltr'>nobis</span> <span class='ocrx_word' id='word_1_163' title='bbox 808 3193 1015 3255; x_wconf 83' lang='lat' dir='ltr'>communiter</span> <span class='ocrx_word' id='word_1_164' title='bbox 1040 3194 1110 3257; x_wconf 88' lang='lat' dir='ltr'>lieri</span> 
     </span>
     <span class='ocr_line' id='line_1_25' title="bbox 101 3293 1119 3377; baseline -0.002 -22"><span class='ocrx_word' id='word_1_165' title='bbox 101 3294 195 3357; x_wconf 86' lang='lat' dir='ltr'>velim</span> <span class='ocrx_word' id='word_1_166' title='bbox 207 3293 407 3356; x_wconf 80' lang='lat' dir='ltr'>intellexeris.</span> <span class='ocrx_word' id='word_1_167' title='bbox 446 3296 633 3377; x_wconf 77' lang='lat' dir='ltr'>Quanquam</span> <span class='ocrx_word' id='word_1_168' title='bbox 647 3295 771 3357; x_wconf 88' lang='lat' dir='ltr'>iuterim</span> <span class='ocrx_word' id='word_1_169' title='bbox 789 3293 943 3357; x_wconf 89' lang='lat' dir='ltr'>dubitatio</span> <span class='ocrx_word' id='word_1_170' title='bbox 962 3296 1119 3370; x_wconf 84' lang='lat' dir='ltr'>accessit‚.</span> 
     </span>
     <span class='ocr_line' id='line_1_26' title="bbox 102 3393 1110 3479; baseline 0.004 -24"><span class='ocrx_word' id='word_1_171' title='bbox 102 3393 341 3459; x_wconf 83' lang='lat' dir='ltr'>obstinatissime</span> <span class='ocrx_word' id='word_1_172' title='bbox 365 3393 423 3454; x_wconf 86' lang='lat' dir='ltr'>hos</span> <span class='ocrx_word' id='word_1_173' title='bbox 444 3413 462 3454; x_wconf 82' lang='lat' dir='ltr'>a</span> <span class='ocrx_word' id='word_1_174' title='bbox 479 3393 571 3457; x_wconf 83' lang='lat' dir='ltr'>nobie</span> <span class='ocrx_word' id='word_1_175' title='bbox 582 3396 757 3471; x_wconf 87' lang='lat' dir='ltr'>contemni,</span> <span class='ocrx_word' id='word_1_176' title='bbox 789 3416 885 3479; x_wconf 87' lang='lat' dir='ltr'>quam</span> <span class='ocrx_word' id='word_1_177' title='bbox 902 3394 1110 3459; x_wconf 81' lang='lat' dir='ltr'>miernissime</span> 
     </span>
     <span class='ocr_line' id='line_1_27' title="bbox 101 3492 1112 3580; baseline 0.002 -23"><span class='ocrx_word' id='word_1_178' title='bbox 101 3495 277 3576; x_wconf 71' lang='lat' dir='ltr'>impugnari</span> <span class='ocrx_word' id='word_1_179' title='bbox 293 3504 426 3574; x_wconf 75' lang='lat' dir='ltr'>prestet.</span> <span class='ocrx_word' id='word_1_180' title='bbox 470 3492 566 3557; x_wconf 86' lang='lat' dir='ltr'>Certe</span> <span class='ocrx_word' id='word_1_181' title='bbox 587 3495 672 3557; x_wconf 88' lang='lat' dir='ltr'>enim</span> <span class='ocrx_word' id='word_1_182' title='bbox 687 3497 749 3557; x_wconf 89' lang='lat' dir='ltr'>hoc</span> <span class='ocrx_word' id='word_1_183' title='bbox 771 3507 993 3572; x_wconf 88' lang='lat' dir='ltr'>contemnere,</span> <span class='ocrx_word' id='word_1_184' title='bbox 1021 3497 1112 3580; x_wconf 86' lang='lat' dir='ltr'>quod</span> 
     </span>
     <span class='ocr_line' id='line_1_28' title="bbox 102 3594 1112 3677; baseline 0.002 -20"><span class='ocrx_word' id='word_1_185' title='bbox 102 3616 164 3677; x_wconf 82' lang='lat' dir='ltr'>ego</span> <span class='ocrx_word' id='word_1_186' title='bbox 185 3596 329 3658; x_wconf 88' lang='lat' dir='ltr'>omnibus</span> <span class='ocrx_word' id='word_1_187' title='bbox 348 3596 495 3657; x_wconf 83' lang='lat' dir='ltr'>haetenus</span> <span class='ocrx_word' id='word_1_188' title='bbox 519 3594 674 3675; x_wconf 84' lang='lat' dir='ltr'>apologiia</span> <span class='ocrx_word' id='word_1_189' title='bbox 694 3594 833 3673; x_wconf 79' lang='lat' dir='ltr'>pratuli,</span> <span class='ocrx_word' id='word_1_190' title='bbox 858 3616 925 3659; x_wconf 92' lang='lat' dir='ltr'>non</span> <span class='ocrx_word' id='word_1_191' title='bbox 949 3596 1023 3659; x_wconf 85' lang='lat' dir='ltr'>satis</span> <span class='ocrx_word' id='word_1_192' title='bbox 1041 3616 1112 3660; x_wconf 84' lang='lat' dir='ltr'>esse</span> 
     </span>
     <span class='ocr_line' id='line_1_29' title="bbox 102 3691 1113 3776; baseline 0.003 -19"><span class='ocrx_word' id='word_1_193' title='bbox 102 3696 228 3759; x_wconf 85' lang='lat' dir='ltr'>videtur</span> <span class='ocrx_word' id='word_1_194' title='bbox 245 3697 284 3757; x_wconf 85' lang='lat' dir='ltr'>ad</span> <span class='ocrx_word' id='word_1_195' title='bbox 303 3695 379 3757; x_wconf 90' lang='lat' dir='ltr'>illud</span> <span class='ocrx_word' id='word_1_196' title='bbox 401 3694 489 3776; x_wconf 90' lang='lat' dir='ltr'>quod</span> <span class='ocrx_word' id='word_1_197' title='bbox 507 3712 670 3773; x_wconf 73' lang='lat' dir='ltr'>par-amru,</span> <span class='ocrx_word' id='word_1_198' title='bbox 697 3703 732 3755; x_wconf 92' lang='lat' dir='ltr'>nt</span> <span class='ocrx_word' id='word_1_199' title='bbox 756 3691 884 3774; x_wconf 78' lang='lat' dir='ltr'>vigeant</span> <span class='ocrx_word' id='word_1_200' title='bbox 902 3695 1016 3769; x_wconf 84' lang='lat' dir='ltr'>literae,</span> <span class='ocrx_word' id='word_1_201' title='bbox 1041 3697 1113 3761; x_wconf 85' lang='lat' dir='ltr'>bar·</span> 
     </span>
     <span class='ocr_line' id='line_1_30' title="bbox 103 3791 1113 3873; baseline -0.001 -17"><span class='ocrx_word' id='word_1_202' title='bbox 103 3795 205 3859; x_wconf 90' lang='lat' dir='ltr'>baries</span> <span class='ocrx_word' id='word_1_203' title='bbox 230 3797 353 3870; x_wconf 86' lang='lat' dir='ltr'>exulet,</span> <span class='ocrx_word' id='word_1_204' title='bbox 384 3793 471 3855; x_wconf 88' lang='lat' dir='ltr'>docti</span> <span class='ocrx_word' id='word_1_205' title='bbox 499 3792 532 3855; x_wconf 90' lang='lat' dir='ltr'>iu</span> <span class='ocrx_word' id='word_1_206' title='bbox 557 3791 780 3865; x_wconf 84' lang='lat' dir='ltr'>veneratione,</span> <span class='ocrx_word' id='word_1_207' title='bbox 810 3792 899 3855; x_wconf 87' lang='lat' dir='ltr'>scioli</span> <span class='ocrx_word' id='word_1_208' title='bbox 924 3796 1038 3873; x_wconf 84' lang='lat' dir='ltr'>passim</span> <span class='ocrx_word' id='word_1_209' title='bbox 1057 3797 1113 3857; x_wconf 86' lang='lat' dir='ltr'>de-</span> 
     </span>
     <span class='ocr_line' id='line_1_31' title="bbox 104 3889 1114 3977; baseline -0.002 -20"><span class='ocrx_word' id='word_1_210' title='bbox 104 3898 224 3976; x_wconf 88' lang='lat' dir='ltr'>spectui</span> <span class='ocrx_word' id='word_1_211' title='bbox 251 3896 323 3958; x_wconf 84' lang='lat' dir='ltr'>siut.</span> <span class='ocrx_word' id='word_1_212' title='bbox 368 3894 407 3956; x_wconf 91' lang='lat' dir='ltr'>ld</span> <span class='ocrx_word' id='word_1_213' title='bbox 434 3894 524 3977; x_wconf 80' lang='lat' dir='ltr'>qriod</span> <span class='ocrx_word' id='word_1_214' title='bbox 552 3889 680 3957; x_wconf 82' lang='lat' dir='ltr'>Christo</span> <span class='ocrx_word' id='word_1_215' title='bbox 712 3889 881 3972; x_wconf 79' lang='lat' dir='ltr'>adjurante</span> <span class='ocrx_word' id='word_1_216' title='bbox 906 3894 946 3955; x_wconf 85' lang='lat' dir='ltr'>ad</span> <span class='ocrx_word' id='word_1_217' title='bbox 976 3895 1114 3975; x_wconf 80' lang='lat' dir='ltr'>aliquem</span> 
     </span>
     <span class='ocr_line' id='line_1_32' title="bbox 104 3993 1114 4078; baseline -0.002 -19"><span class='ocrx_word' id='word_1_218' title='bbox 104 3995 166 4076; x_wconf 86' lang='lat' dir='ltr'>jam</span> <span class='ocrx_word' id='word_1_219' title='bbox 196 4016 399 4078; x_wconf 77' lang='lat' dir='ltr'>progressum</span> <span class='ocrx_word' id='word_1_220' title='bbox 434 3993 642 4070; x_wconf 78' lang='lat' dir='ltr'>deduximus,</span> <span class='ocrx_word' id='word_1_221' title='bbox 684 3994 741 4057; x_wconf 88' lang='lat' dir='ltr'>sed</span> <span class='ocrx_word' id='word_1_222' title='bbox 778 4013 845 4055; x_wconf 92' lang='lat' dir='ltr'>non</span> <span class='ocrx_word' id='word_1_223' title='bbox 875 4014 942 4075; x_wconf 90' lang='lat' dir='ltr'>quo</span> <span class='ocrx_word' id='word_1_224' title='bbox 976 4004 1114 4074; x_wconf 84' lang='lat' dir='ltr'>oportet.</span> 
     </span>
     <span class='ocr_line' id='line_1_33' title="bbox 103 4093 1114 4171; baseline 0 -12"><span class='ocrx_word' id='word_1_225' title='bbox 103 4096 229 4159; x_wconf 84' lang='lat' dir='ltr'>Utinam</span> <span class='ocrx_word' id='word_1_226' title='bbox 261 4107 365 4157; x_wconf 88' lang='lat' dir='ltr'>tecum</span> <span class='ocrx_word' id='word_1_227' title='bbox 394 4116 512 4171; x_wconf 83' lang='lat' dir='ltr'>essem,</span> <span class='ocrx_word' id='word_1_228' title='bbox 552 4105 587 4161; x_wconf 90' lang='lat' dir='ltr'>ut</span> <span class='ocrx_word' id='word_1_229' title='bbox 612 4093 777 4158; x_wconf 81' lang='lat' dir='ltr'>camillum</span> <span class='ocrx_word' id='word_1_230' title='bbox 800 4094 894 4157; x_wconf 80' lang='lat' dir='ltr'>luc</span> <span class='ocrx_word' id='word_1_231' title='bbox 885 4114 918 4157; x_wconf 90' lang='lat' dir='ltr'>m</span> <span class='ocrx_word' id='word_1_232' title='bbox 943 4114 980 4159; x_wconf 86' lang='lat' dir='ltr'>re</span> <span class='ocrx_word' id='word_1_233' title='bbox 1008 4114 1114 4159; x_wconf 85' lang='lat' dir='ltr'>meum</span> 
     </span>
     <span class='ocr_line' id='line_1_34' title="bbox 104 4195 886 4275; baseline 0.004 -19"><span class='ocrx_word' id='word_1_234' title='bbox 104 4196 251 4258; x_wconf 65' lang='lat' dir='ltr'>(luceres.</span> <span class='ocrx_word' id='word_1_235' title='bbox 289 4195 473 4275; x_wconf 85' lang='lat' dir='ltr'>Incipiunt</span> <span class='ocrx_word' id='word_1_236' title='bbox 464 4196 516 4260; x_wconf 90' lang='lat' dir='ltr'>uti</span> <span class='ocrx_word' id='word_1_237' title='bbox 533 4206 645 4259; x_wconf 87' lang='lat' dir='ltr'>mutuo</span> <span class='ocrx_word' id='word_1_238' title='bbox 665 4219 701 4260; x_wconf 82' lang='lat' dir='ltr'>se</span> <span class='ocrx_word' id='word_1_239' title='bbox 718 4196 886 4261; x_wconf 76' lang='lat' dir='ltr'>conficere.</span> 
     </span>
    </p>

    <p class='ocr_par' dir='ltr' id='par_1_3' title="bbox 105 4295 1116 4481">
     <span class='ocr_line' id='line_1_35' title="bbox 180 4295 1116 4379; baseline 0.004 -20"><span class='ocrx_word' id='word_1_240' title='bbox 180 4296 243 4379; x_wconf 84' lang='lat' dir='ltr'>Qui</span> <span class='ocrx_word' id='word_1_241' title='bbox 276 4316 349 4359; x_wconf 87' lang='lat' dir='ltr'>curn</span> <span class='ocrx_word' id='word_1_242' title='bbox 386 4298 471 4377; x_wconf 89' lang='lat' dir='ltr'>apud</span> <span class='ocrx_word' id='word_1_243' title='bbox 498 4295 765 4361; x_wconf 81' lang='lat' dir='ltr'>Francoinrdinm</span> <span class='ocrx_word' id='word_1_244' title='bbox 792 4308 865 4361; x_wconf 86' lang='lat' dir='ltr'>ante</span> <span class='ocrx_word' id='word_1_245' title='bbox 896 4316 995 4361; x_wconf 75' lang='lat' dir='ltr'>aranos</span> <span class='ocrx_word' id='word_1_246' title='bbox 1029 4296 1116 4363; x_wconf 85' lang='lat' dir='ltr'>band</span> 
     </span>
     <span class='ocr_line' id='line_1_36' title="bbox 105 4396 1115 4481; baseline 0.003 -23"><span class='ocrx_word' id='word_1_247' title='bbox 105 4399 218 4459; x_wconf 90' lang='lat' dir='ltr'>multos</span> <span class='ocrx_word' id='word_1_248' title='bbox 238 4418 335 4479; x_wconf 87' lang='lat' dir='ltr'>super</span> <span class='ocrx_word' id='word_1_249' title='bbox 352 4398 433 4461; x_wconf 77' lang='lat' dir='ltr'>(lira</span> <span class='ocrx_word' id='word_1_250' title='bbox 453 4397 586 4481; x_wconf 78' lang='lat' dir='ltr'>virginis</span> <span class='ocrx_word' id='word_1_251' title='bbox 603 4396 715 4463; x_wconf 69' lang='lat' dir='ltr'>Maria</span> <span class='ocrx_word' id='word_1_252' title='bbox 732 4398 960 4477; x_wconf 80' lang='lat' dir='ltr'>conceptione.</span> <span class='ocrx_word' id='word_1_253' title='bbox 984 4418 1057 4463; x_wconf 78' lang='lat' dir='ltr'>nam</span> <span class='ocrx_word' id='word_1_254' title='bbox 1073 4398 1115 4461; x_wconf 86' lang='lat' dir='ltr'>de</span> 
     </span>
    </p>
   </div>
   <div class='ocr_carea' id='block_1_3' title="bbox 0 0 1341 5108">
    <p class='ocr_par' dir='ltr' id='par_1_4' title="bbox 0 0 1341 5108">
     <span class='ocr_line' id='line_1_37' title="bbox 0 0 1341 5108; baseline 0 0"><span class='ocrx_word' id='word_1_255' title='bbox 0 0 1341 5108; x_wconf 95' lang='lat' dir='ltr'> </span> 
     </span>
    </p>
   </div>
  </div>
 </body>
</html>
