2624 5108
527 726 786 815 Erdrortatoria
1094 735 1167 822 497

1285 654 1306 703 'u'

150 929 268 997 Nonne
281 940 422 997 vernum
436 949 531 995 nemo
545 941 609 1008 est,
629 928 686 1015 qni
702 929 791 1011 prius
803 928 836 1006 *)
856 925 909 1010 atii
926 939 1172 1013 noceat,-quam

150 1030 213 1094 sibi
231 1031 319 1113 prins
339 1029 407 1111 ipse
430 1029 599 1094 nocuerit?
632 1031 681 1093 lta
704 1029 780 1094 nihii
799 1030 924 1095 fruetus
944 1051 1016 1094 cum
1037 1029 1172 1095 habeant

152 1129 265 1193 vestras
294 1127 535 1204 contentiones,
572 1128 741 1212 plurimum
769 1129 948 1194 calamitatis
979 1152 1015 1194 ac
1040 1129 1173 1195 miseriae

151 1230 303 1306 afferunt,
346 1247 574 1312 nonnunquam
602 1230 671 1311 pius
697 1228 735 1293 iis
753 1229 821 1308 ⁴⁴),
866 1229 924 1313 qai
955 1230 1172 1298 contumacius

151 1328 235 1392 bello
256 1330 393 1395 student.
445 1329 480 1395 Si
506 1329 601 1413 igitur
623 1349 689 1392 non
712 1331 816 1401 solnm
842 1351 909 1395 non
927 1329 1076 1399 accrescit
1098 1331 1173 1397 inde

151 1426 243 1492 vobis
263 1429 399 1516 aliquid,
420 1430 478 1494 sed
492 1429 647 1493 decrescit
666 1429 759 1494 etism
779 1428 929 1508 nimium,
961 1441 993 1494 et
1012 1430 1057 1510 si,
1085 1433 1176 1516 quod

153 1530 325 1605 Germania
347 1531 444 1614 perit,
477 1529 579 1599 omnis
604 1525 637 1593 in
666 1551 725 1596 ros
753 1531 845 1615 culpa
872 1529 1035 1615 rejicitur,
1065 1553 1175 1617 ‹paaeso

152 1632 276 1714 tandem
303 1631 488 1717 resipiscite.
546 1631 647 1699 Unius
679 1627 801 1716 uberis
831 1629 911 1697 rami
943 1631 1037 1712 estis,
1079 1631 1174 1697 urnas

151 1731 295 1817 corporis
313 1733 463 1805 membra.
501 1728 666 1797 Patiernini
685 1729 825 1799 nobilem
839 1730 976 1813 stipitem
990 1732 1175 1798 concutien-

151 1831 235 1894 tibus
262 1856 297 1898 se
323 1833 458 1897 invicem
483 1831 657 1898 remissae
675 1827 789 1897 nudari
808 1832 948 1909 honore,
969 1833 1035 1899 suis
1054 1824 1175 1917 priuati

150 1931 332 1999 fructibus?
383 1931 563 1997 Probabitis
591 1931 618 1999 si
650 1927 684 1997 in
715 1929 848 2017 egregio
888 1953 1026 2015 corpore
1062 1947 1175 2002 mutuo

151 2034 300 2097 conflictu
339 2033 495 2099 intereant
538 2032 703 2099 membra?
752 2033 839 2117 Quid
873 2032 957 2119 aliud
995 2033 1081 2099 enim
1112 2035 1176 2101 sibi

151 2137 218 2198 vult
246 2134 330 2199 istud
354 2146 496 2199 vestrum
523 2133 707 2211 dissidium,
739 2155 835 2218 quem
861 2131 889 2197 si
915 2153 1025 2199 manus
1045 2135 1173 2212 manui,

150 2255 207 2314 pes
234 2233 329 2314 pedi,
367 2246 421 2303 aut
444 2244 537 2314 eaput
563 2235 666 2300 ventri
686 2236 803 2300 bellum
831 2233 967 2308 indicat,
1001 2236 1052 2297 vei
1071 2234 1105 2298 in
1123 2233 1175 2298 itta

145 2333 287 2410 arbore,
308 2333 336 2396 si
353 2354 457 2400 rasuus
476 2356 597 2407 ramum
616 2335 742 2402 inuadat
761 2357 797 2398 ac
816 2335 994 2416 abrumpat,
1020 2345 1055 2397 ut
1078 2333 1177 2399 arhor

150 2443 280 2497 truncus
299 2433 355 2512 sit,
374 2445 409 2497 ut
427 2455 544 2516 corpus
564 2435 726 2502 satiarer?
747 2439 862 2518 Quaeso
880 2430 960 2499 iuius
982 2446 1175 2500 mementote

151 2543 298 2610 &terrenti
314 2544 468 2617 Agrippae
495 2536 646 2611 Itournni,
678 2535 836 2600 beneficio
863 2533 1087 2601 historicorum
1108 2556 1175 2600 nen

150 2633 304 2718 incogniti
334 2634 426 2698 vobis
456 2635 607 2718 appingi.
656 2634 733 2700 Diri
764 2633 828 2716 iam
851 2637 949 2699 semel
974 2656 1011 2703 ee
1037 2633 1174 2721 iterum,

151 2737 240 2819 quod
266 2735 321 2803 uni
348 2747 489 2807 uestrum
511 2735 668 2810 aufertur,
697 2736 842 2803 omnibus
862 2735 1018 2802 aufertur.
1057 2737 1174 2822 Singu-

148 2838 253 2903 lorum
271 2839 401 2913 malum,
433 2857 600 2930 comnrune
619 2836 733 2901 malurn
760 2845 819 2901 est.
856 2836 1000 2908 Proinde
1018 2849 1053 2902 ut
1076 2839 1173 2903 auda-

148 2937 217 2999 cius
243 2938 375 3018 loquar,
418 2936 552 3003 desinite
572 2934 738 3027 ¹inutiliter
773 2936 982 3021 disceptantes
1011 2939 1175 3021 pubiicum

148 3035 291 3097 minnere
322 3035 453 3103 bonurn.
501 3037 645 3101 Desinite
678 3037 761 3104 inter
791 3059 850 3105 ros
881 3039 1021 3104 rixantes
1052 3061 1176 3105 vexare

149 3135 366 3209 Germaniam,
396 3136 569 3215 pernicicm
595 3136 715 3205 inntens
739 3138 854 3220 patria.
893 3140 932 3207 ln
953 3161 1091 3219 summa,
1115 3140 1173 3207 de·

148 3234 242 3301 sinite
274 3232 306 3297 in
335 3255 428 3301 causa
452 3255 541 3310 esse,
582 3246 617 3302 ut
638 3248 768 3319 perenn
794 3237 977 3307 Christiani.
1013 3240 1174 3309 tamise

147 3337 208 3402 nisi
232 3335 350 3412 facitis,
382 3335 444 3399 nisi
467 3335 684 3424 huiuparetis
708 3336 893 3416 monitioni,
931 3336 1056 3426 (repas
1086 3337 1174 3409 onita

147 3459 221 3501 rneo
237 3436 365 3503 rsornino
381 3434 472 3513 dico,
492 3459 558 3502 tare
576 3437 635 3507 ista
651 3439 792 3506 ormnem
806 3441 1040 3509 Germanorum
1057 3440 1100 3507 ad
1112 3462 1172 3507 vos

146 3541 282 3603 elamore
301 3535 438 3616 perferri
455 3536 605 3614 credre)
624 3535 683 3604 nisi
699 3562 777 3617 nos,
797 3563 936 3624 quorum
955 3545 1173 3609 membrorum

146 3639 248 3717 capita
266 3635 358 3713 estis,
379 3636 518 3719 affligere
537 3657 573 3701 ae
592 3639 727 3721 perdere
748 3639 890 3704 desinitis
910 3640 1003 3719 (dico
1024 3643 1118 3706 venia
1136 3656 1173 3705 ut

146 3739 234 3822 prius
254 3748 375 3812 vestra,
404 3748 437 3802 et
455 3735 513 3802 illis
534 3735 624 3813 ilico,
650 3736 706 3820 qui
732 3735 1091 3817 hujusmodifactorum
1110 3741 1172 3805 sibi

145 3839 267 3903 ceracii
297 3840 391 3914 sant)
423 3834 569 3902 videbitis
605 3847 717 3903 contra
745 3859 839 3901 suurn
873 3838 1043 3922 aliquando
1074 3853 1172 3918 eaput

145 3941 297 4024 quasdam
325 3962 453 4013 murus,
488 3936 643 4022 quosdam
672 3935 838 4021 insurgere
865 3939 975 4019 pedes.
1026 3938 1069 4003 Et
1095 3951 1172 4002 tune

144 4061 203 4102 vos
224 4037 357 4122 quidem
380 4039 457 4102 torni
481 4037 553 4108 mali
576 4051 723 4116 autores,
754 4039 841 4122 qnod
861 4037 1038 4115 excitastis,
1056 4051 1171 4119 ¹vestra

142 4141 236 4205 ruina
269 4138 356 4204 aletis
389 4137 592 4218 incendium,
630 4159 667 4203 ae
700 4138 793 4206 sinrui
829 4138 891 4225 ipsi
923 4139 1168 4227 conflavabitis·

142 4261 336 4278 Μ

177 4345 207 4415 ·)
222 4358 294 4409 aries
310 4367 354 4404 vot
374 4353 415 4404 atti
432 4352 520 4414 boiaci.
557 4345 605 4424 ⁹⁹)
622 4359 654 4404 tts
662 4389 672 4420 ,
690 4357 736 4409 bia.

175 4471 393 4535 unwan
794 4451 843 4523 Ὠ
