2810 4722
257 413 320 486 tra
490 410 532 483 Iu
564 409 750 482 Ulrichum
774 409 1023 508 Wirtenberg.

223 651 227 668 .
251 603 397 666 volumus
416 601 455 663 ad
473 611 613 664 nostram
630 597 816 676 vindictam,
837 601 926 664 istius
945 600 1132 682 supplicium
1144 599 1262 670 lacere.

252 702 350 782 Quod
374 699 492 778 justum
517 711 581 775 est,
620 701 709 782 (prod
730 721 769 762 ex
792 699 878 780 lege,
912 710 944 761 et
959 699 991 777 ⁸⁸)
1015 700 1259 775 consuetudine,

252 825 288 866 ae
304 801 354 877 **)
373 819 463 864 more
480 799 653 882 majorum,
673 801 707 863 id
726 799 852 862 demum
869 800 1006 863 faciatis!
1044 801 1095 861 Ex
1118 820 1158 862 eo
1179 801 1263 862 ‹lam-

251 913 358 978 netur,
400 911 452 965 aut
483 900 671 965 absolvatur.
711 890 791 960 vllcc
817 900 863 966 ita
896 919 1004 964 sumus
1034 900 1124 964 famae
1151 911 1263 966 nostre

250 995 385 1075 inimici,
428 1012 464 1062 ut
499 1000 633 1080 poeurua
668 1001 747 1062 hanc
774 1018 900 1063 cainam
935 1000 1086 1064 estimare
1123 1003 1264 1066 velimus.

250 1098 343 1165 Unde
358 1101 562 1162 vehementer
575 1119 609 1160 se
621 1099 679 1160 iste
695 1118 799 1180 nuper
814 1111 946 1166 auxerat
959 1103 1087 1164 runiore
1102 1100 1136 1162 in
1154 1099 1266 1164 Suevis

250 1198 420 1284 dissipato,
440 1197 594 1280 judicium
610 1198 851 1279 missurosnos,
872 1210 904 1261 et
920 1202 960 1262 ad
976 1201 1267 1266 reconciliationem

207 1303 211 1312 ’
251 1319 321 1386 quse
339 1299 474 1382 pecunia
499 1299 690 1374 sanciretur,
719 1299 936 1365 descensuros.
979 1270 1140 1383 Atiquam
1163 1303 1266 1381 suspi-

251 1399 377 1465 cionem
402 1401 429 1462 si
459 1399 530 1484 quis
562 1398 738 1475 inclinavit,
778 1398 922 1461 revocari
956 1397 1018 1476 jam
1048 1419 1132 1461 nune
1159 1401 1279 1470 debet..

248 1504 326 1574 Non
339 1520 451 1565 aurum
465 1498 606 1562 scelerati
618 1499 764 1574 latronis,
783 1499 841 1560 sed
853 1509 946 1578 caput
962 1519 998 1559 ac
1010 1498 1105 1566 vitam
1119 1499 1266 1581 petimus,

249 1621 356 1684 neque
381 1600 416 1662 icl
444 1612 507 1662 tam
540 1608 576 1661 ut
613 1598 706 1662 istam
731 1598 917 1661 tssoiscamur
948 1597 1113 1677 utitinam,
1150 1601 1208 1663 sed
1232 1611 1267 1664 ut

251 1717 418 1764 commune
440 1698 580 1762 omnium
596 1697 772 1780 periculum
787 1699 977 1775 extinctum,
998 1721 1035 1762 ac
1049 1698 1199 1762 abolitum
1216 1699 1267 1764 sit.

251 1803 376 1865 Summa
391 1801 500 1884 itaque
519 1799 671 1862 adversus
691 1799 784 1860 istum
806 1799 967 1879 petitionis
986 1809 1100 1866 nostre
1116 1801 1181 1862 hacc
1200 1813 1267 1863 est:

249 1901 347 1966 Juxta
359 1899 505 1963 meritum
515 1901 613 1961 serati
634 1899 704 1960 Vos
718 1896 875 1977 judicate!
896 1900 966 1960 Vos
979 1899 1013 1960 in
1027 1899 1130 1980 ipsum
1143 1899 1268 1979 justitie

250 2011 361 2063 vestrae
380 1999 506 2061 actilens
526 1995 672 2082 defigite!
708 1997 789 2060 Sane
805 1997 909 2060 dorrec
927 1995 998 2078 jura
1016 1989 1106 2076 sunt,
1125 1999 1200 2062 nihil
1218 2001 1267 2075 vi,

250 2099 327 2164 nihil
353 2098 444 2164 annis
462 2095 661 2162 intentamus.
707 2098 821 2180 Neque
847 2109 883 2159 ut
905 2097 1012 2160 iacere
1040 2110 1198 2180 oporteat,
1227 2121 1268 2162 eo

250 2198 442 2264 necessitatis
474 2201 670 2280 compulsum
705 2195 745 2258 iri
776 2216 836 2258 nos
867 2197 1027 2272 timentum
1079 2217 1268 2281 quamquam

250 2311 356 2362 vestra
374 2301 437 2361 hoc
463 2299 655 2380 negligentia
677 2294 747 2360 lieri
769 2282 890 2377 potest,
923 2295 1045 2378 judicio
1066 2309 1269 2380 nonpotest‚

250 2402 331 2466 Nam
354 2397 425 2471 m)
461 2395 548 2460 credi
578 2415 644 2459 non
676 2377 787 2472 delet,
822 2398 862 2459 de
891 2415 931 2458 eo
958 2417 1017 2459 vos
1046 2419 1113 2462 non
1143 2409 1269 2462 strenue

251 2499 464 2578 judicaturos,
484 2515 550 2578 quo
566 2494 654 2571 ****)
673 2509 732 2556 nos
750 2494 796 2557 sic
812 2497 925 2560 misere
943 2497 1032 2572 laesit,
1057 2500 1178 2582 quique
1190 2499 1270 2562 hane

251 2595 533 2679 pulchritudinem,
564 2597 626 2658 hoe
648 2603 709 2656 tam
728 2596 843 2659 acerbo
868 2597 955 2660 luctu
975 2598 1181 2662 deformatam
1198 2600 1271 2662 red·

252 2693 343 2761 didit.
394 2693 452 2759 Me
482 2715 585 2776 prope
615 2693 783 2770 exanimat,
822 2717 858 2758 ac
884 2697 1033 2760 interimit
1064 2698 1152 2762 istius
1182 2699 1270 2762 necis

253 2797 417 2864 memoria.
457 2797 560 2860 'lotus
580 2808 698 2869 memo,
719 2806 803 2856 totus
818 2799 1048 2875 perhorresco,
1068 2800 1144 2863 dum
1163 2819 1272 2861 record

254 2900 334 2976 dor,
365 2915 460 2982 quarn
481 2893 645 2978 reliquerit
670 2895 816 2974 corporis
839 2897 992 2976 speciem,
1025 2917 1095 2979 que
1119 2900 1270 2972 vulnera,

256 3017 350 3080 quam
370 2991 561 3067 foeditatem,
590 2992 684 3054 toties
702 3002 857 3056 transacto
880 2995 1001 3076 gladio,
1029 2996 1076 3058 sio
1093 2997 1269 3077 permisis,

136 3123 139 3128 ·
255 3109 293 3156 ac
309 3091 441 3173 direptis
458 3091 615 3155 membris.
653 3091 779 3156 Deinde
797 3092 872 3155 illud
892 3095 975 3158 subit
995 3095 1215 3177 suspendium,
1235 3108 1272 3160 ut

256 3213 340 3277 pene
357 3187 436 3254 ierri
459 3201 597 3274 nequeat
616 3190 675 3254 ista
699 3201 805 3254 restra
827 3193 977 3258 Germani
1003 3197 1172 3260 cunctatio.
1207 3197 1272 3260 Por

258 3313 328 3358 eam
360 3293 444 3354 enim
476 3289 547 3355 lieri
576 3303 699 3374 potest,
726 3304 779 3360 ‚ut
809 3291 938 3355 omnino
968 3293 1105 3378 impunis
1135 3298 1176 3360 sit
1202 3298 1271 3358 iste·

185 3389 188 3396 ’
256 3396 356 3480 Quod
374 3411 446 3457 eum
465 3394 542 3469 erit,
570 3403 649 3458 tunc
672 3392 749 3456 nihil
771 3411 838 3454 non
857 3391 1019 3454 audebunt
1033 3391 1115 3458 mali.
1161 3395 1271 3458 Multis

257 3493 343 3558 enim
359 3495 507 3576 exemplo
529 3494 589 3556 erit
609 3492 679 3554 iste.
718 3491 840 3554 Multos
859 3491 899 3553 ad
915 3488 1100 3567 foedissima,
1128 3493 1273 3574 perditis·

259 3597 401 3680 urnaque
425 3595 531 3658 omnia
549 3591 698 3653 obeunda
719 3589 876 3653 animabit.
925 3591 1036 3655 Nouos
1053 3609 1090 3654 ae
1105 3593 1272 3674 pudendos

258 3695 293 3760 iu
325 3691 526 3758 Germuriam
556 3705 660 3752 mores
694 3687 838 3766 invehet,
879 3690 942 3752 levi
971 3691 1100 3776 quidam
1134 3690 1271 3775 jactura,

261 3833 456 3854 ω

296 3918 326 3984 ι)
345 3933 388 3984 et,
414 3937 449 3973 ac.
519 3911 565 3982 tt)
586 3935 630 3982 aa,
656 3926 688 3970 ei.
758 3919 815 3987 aar)
833 3930 887 3987 m,
905 3939 951 3975 m
973 3925 1038 3994 ,pedi
1055 3927 1273 3985 dmhwfflehen'

215 4069 218 4075 ,
295 4000 374 4072 ****)
393 4021 438 4055 vor
455 4017 518 4054 uos:
539 4020 586 4066 quo
603 4007 734 4065 releuant.
