<?xml version="1.0" encoding="UTF-8"?>
<!DOCTYPE html PUBLIC "-//W3C//DTD XHTML 1.0 Transitional//EN"
    "http://www.w3.org/TR/xhtml1/DTD/xhtml1-transitional.dtd">
<html xmlns="http://www.w3.org/1999/xhtml" xml:lang="en" lang="en">
 <head>
  <title>
</title>
<meta http-equiv="Content-Type" content="text/html;charset=utf-8" />
  <meta name='ocr-system' content='tesseract 3.04.00' />
  <meta name='ocr-capabilities' content='ocr_page ocr_carea ocr_par ocr_line ocrx_word'/>
</head>
<body>
  <div class='ocr_page' id='page_1' title='image "./ulrichiabhutten03mngoog_0162.png"; bbox 0 0 2624 5108; ppageno 0'>
   <div class='ocr_carea' id='block_1_1' title="bbox 391 896 1168 991">
    <p class='ocr_par' dir='ltr' id='par_1_1' title="bbox 391 896 1168 991">
     <span class='ocr_line' id='line_1_1' title="bbox 391 896 1168 991; baseline -0.005 -18"><span class='ocrx_word' id='word_1_1' title='bbox 391 952 395 957; x_wconf 89' lang='lat'><em>-</em></span> <span class='ocrx_word' id='word_1_2' title='bbox 503 896 633 973; x_wconf 75' lang='lat' dir='ltr'>Oratio</span> <span class='ocrx_word' id='word_1_3' title='bbox 659 898 814 991; x_wconf 65' lang='lat' dir='ltr'>Quartss</span> <span class='ocrx_word' id='word_1_4' title='bbox 1104 914 1168 986; x_wconf 81' lang='lat'>151</span> 
     </span>
    </p>
   </div>
   <div class='ocr_carea' id='block_1_2' title="bbox 140 1088 1174 2891">
    <p class='ocr_par' dir='ltr' id='par_1_2' title="bbox 140 1088 1174 2891">
     <span class='ocr_line' id='line_1_2' title="bbox 143 1088 1171 1183; baseline 0.016 -34"><span class='ocrx_word' id='word_1_5' title='bbox 143 1088 353 1171; x_wconf 80' lang='lat' dir='ltr'>comptioni-</span> <span class='ocrx_word' id='word_1_6' title='bbox 369 1088 542 1152; x_wconf 80' lang='lat' dir='ltr'><strong>obnoxiam</strong></span> <span class='ocrx_word' id='word_1_7' title='bbox 565 1112 636 1155; x_wconf 86' lang='lat' dir='ltr'>csse</span> <span class='ocrx_word' id='word_1_8' title='bbox 654 1093 860 1174; x_wconf 78' lang='lat' dir='ltr'>putabamus,</span> <span class='ocrx_word' id='word_1_9' title='bbox 889 1116 960 1179; x_wconf 74' lang='lat' dir='ltr'>que</span> <span class='ocrx_word' id='word_1_10' title='bbox 978 1097 1021 1161; x_wconf 85' lang='lat' dir='ltr'><strong>illi</strong></span> <span class='ocrx_word' id='word_1_11' title='bbox 1032 1112 1074 1163; x_wconf 89' lang='lat' dir='ltr'>-te</span> <span class='ocrx_word' id='word_1_12' title='bbox 1092 1123 1171 1183; x_wconf 79' lang='lat' dir='ltr'>pre·</span> 
     </span>
     <span class='ocr_line' id='line_1_3' title="bbox 140 1188 1170 1285; baseline 0.016 -33"><span class='ocrx_word' id='word_1_13' title='bbox 140 1188 266 1265; x_wconf 73' lang='lat' dir='ltr'>terret,</span> <span class='ocrx_word' id='word_1_14' title='bbox 288 1200 342 1253; x_wconf 81' lang='lat' dir='ltr'>arrt</span> <span class='ocrx_word' id='word_1_15' title='bbox 366 1212 439 1273; x_wconf 81' lang='lat' dir='ltr'>rprae</span> <span class='ocrx_word' id='word_1_16' title='bbox 460 1189 541 1255; x_wconf 84' lang='lat' dir='ltr'>iliius</span> <span class='ocrx_word' id='word_1_17' title='bbox 560 1191 704 1273; x_wconf 84' lang='lat' dir='ltr'>periculo</span> <span class='ocrx_word' id='word_1_18' title='bbox 726 1206 757 1255; x_wconf 91' lang='lat' dir='ltr'>te</span> <span class='ocrx_word' id='word_1_19' title='bbox 776 1216 880 1258; x_wconf 75' lang='lat' dir='ltr'>emere</span> <span class='ocrx_word' id='word_1_20' title='bbox 906 1200 1011 1260; x_wconf 79' lang='lat' dir='ltr'>veltet.</span> <span class='ocrx_word' id='word_1_21' title='bbox 1058 1203 1170 1285; x_wconf 80' lang='lat' dir='ltr'>ltaque</span> 
     </span>
     <span class='ocr_line' id='line_1_4' title="bbox 140 1290 1170 1385; baseline 0.014 -33"><span class='ocrx_word' id='word_1_22' title='bbox 140 1290 235 1352; x_wconf 79' lang='lat' dir='ltr'>etium</span> <span class='ocrx_word' id='word_1_23' title='bbox 249 1292 313 1353; x_wconf 92' lang='lat' dir='ltr'>hoc</span> <span class='ocrx_word' id='word_1_24' title='bbox 322 1310 391 1352; x_wconf 89' lang='lat' dir='ltr'>non</span> <span class='ocrx_word' id='word_1_25' title='bbox 403 1290 539 1371; x_wconf 78' lang='lat' dir='ltr'><strong>pessime</strong></span> <span class='ocrx_word' id='word_1_26' title='bbox 555 1292 610 1355; x_wconf 77' lang='lat' dir='ltr'>obs</span> <span class='ocrx_word' id='word_1_27' title='bbox 625 1304 657 1355; x_wconf 86' lang='lat' dir='ltr'>te</span> <span class='ocrx_word' id='word_1_28' title='bbox 670 1294 739 1357; x_wconf 84' lang='lat' dir='ltr'>fieri</span> <span class='ocrx_word' id='word_1_29' title='bbox 754 1295 957 1376; x_wconf 82' lang='lat' dir='ltr'>putabamus,</span> <span class='ocrx_word' id='word_1_30' title='bbox 978 1320 1170 1385; x_wconf 79' lang='lat' dir='ltr'>qrtamquom</span> 
     </span>
     <span class='ocr_line' id='line_1_5' title="bbox 143 1394 1168 1484; baseline 0.011 -31"><span class='ocrx_word' id='word_1_31' title='bbox 143 1404 265 1484; x_wconf 80' lang='lat' dir='ltr'>certum</span> <span class='ocrx_word' id='word_1_32' title='bbox 279 1402 380 1465; x_wconf 85' lang='lat' dir='ltr'>essct,</span> <span class='ocrx_word' id='word_1_33' title='bbox 401 1394 559 1455; x_wconf 80' lang='lat' dir='ltr'>abducere</span> <span class='ocrx_word' id='word_1_34' title='bbox 577 1394 677 1471; x_wconf 86' lang='lat' dir='ltr'>illum,</span> <span class='ocrx_word' id='word_1_35' title='bbox 697 1396 858 1459; x_wconf 73' lang='lat' dir='ltr'>etinctum</span> <span class='ocrx_word' id='word_1_36' title='bbox 877 1399 1053 1480; x_wconf 79' lang='lat' dir='ltr'>praevenire</span> <span class='ocrx_word' id='word_1_37' title='bbox 1067 1412 1168 1477; x_wconf 82' lang='lat' dir='ltr'>trurm,</span> 
     </span>
     <span class='ocr_line' id='line_1_6' title="bbox 144 1492 1171 1578; baseline 0.009 -24"><span class='ocrx_word' id='word_1_38' title='bbox 144 1492 232 1555; x_wconf 77' lang='lat' dir='ltr'>forte</span> <span class='ocrx_word' id='word_1_39' title='bbox 259 1494 385 1556; x_wconf 79' lang='lat' dir='ltr'>tardius.</span> <span class='ocrx_word' id='word_1_40' title='bbox 402 1495 589 1557; x_wconf 72' lang='lat' dir='ltr'><strong>conantibus</strong></span> <span class='ocrx_word' id='word_1_41' title='bbox 607 1495 658 1571; x_wconf 89' lang='lat' dir='ltr'>id,</span> <span class='ocrx_word' id='word_1_42' title='bbox 689 1516 784 1578; x_wconf 81' lang='lat' dir='ltr'>quam</span> <span class='ocrx_word' id='word_1_43' title='bbox 812 1496 932 1560; x_wconf 75' lang='lat' dir='ltr'>astutio</span> <span class='ocrx_word' id='word_1_44' title='bbox 960 1500 1171 1565; x_wconf 77' lang='lat' dir='ltr'>conveniebat</span> 
     </span>
     <span class='ocr_line' id='line_1_7' title="bbox 144 1594 1167 1677; baseline 0.01 -22"><span class='ocrx_word' id='word_1_45' title='bbox 144 1606 219 1656; x_wconf 79' lang='lat' dir='ltr'>ture.</span> <span class='ocrx_word' id='word_1_46' title='bbox 256 1594 307 1669; x_wconf 71' lang='lat' dir='ltr'>At,</span> <span class='ocrx_word' id='word_1_47' title='bbox 316 1606 369 1671; x_wconf 81' lang='lat' dir='ltr'>tn,</span> <span class='ocrx_word' id='word_1_48' title='bbox 384 1594 443 1677; x_wconf 87' lang='lat' dir='ltr'>qui</span> <span class='ocrx_word' id='word_1_49' title='bbox 456 1615 601 1657; x_wconf 74' lang='lat' dir='ltr'>¹umorem</span> <span class='ocrx_word' id='word_1_50' title='bbox 615 1617 681 1658; x_wconf 93' lang='lat' dir='ltr'>non</span> <span class='ocrx_word' id='word_1_51' title='bbox 696 1596 815 1673; x_wconf 80' lang='lat' dir='ltr'>ferres,</span> <span class='ocrx_word' id='word_1_52' title='bbox 834 1609 867 1659; x_wconf 89' lang='lat' dir='ltr'>et</span> <span class='ocrx_word' id='word_1_53' title='bbox 882 1598 969 1663; x_wconf 87' lang='lat' dir='ltr'>illum</span> <span class='ocrx_word' id='word_1_54' title='bbox 982 1600 1167 1667; x_wconf 87' lang='lat' dir='ltr'>discedendi</span> 
     </span>
     <span class='ocr_line' id='line_1_8' title="bbox 143 1676 1171 1779; baseline 0.01 -22"><span class='ocrx_word' id='word_1_55' title='bbox 143 1693 316 1758; x_wconf 78' lang='lat' dir='ltr'>consiiirun</span> <span class='ocrx_word' id='word_1_56' title='bbox 340 1676 473 1777; x_wconf 54' lang='lat' dir='ltr'>igitare,</span> <span class='ocrx_word' id='word_1_57' title='bbox 516 1694 644 1779; x_wconf 78' lang='lat' dir='ltr'>jamque</span> <span class='ocrx_word' id='word_1_58' title='bbox 671 1719 760 1778; x_wconf 83' lang='lat' dir='ltr'>spem</span> <span class='ocrx_word' id='word_1_59' title='bbox 782 1698 968 1763; x_wconf 75' lang='lat' dir='ltr'>frustratum</span> <span class='ocrx_word' id='word_1_60' title='bbox 1004 1702 1044 1764; x_wconf 86' lang='lat' dir='ltr'>iri</span> <span class='ocrx_word' id='word_1_61' title='bbox 1086 1715 1171 1768; x_wconf 77' lang='lat' dir='ltr'>tuam</span> 
     </span>
     <span class='ocr_line' id='line_1_9' title="bbox 140 1786 1170 1886; baseline 0.009 -29"><span class='ocrx_word' id='word_1_62' title='bbox 140 1786 294 1858; x_wconf 72' lang='lat' dir='ltr'>cerneres</span> <span class='ocrx_word' id='word_1_63' title='bbox 303 1841 313 1873; x_wconf 93' lang='lat'>,</span> <span class='ocrx_word' id='word_1_64' title='bbox 335 1796 466 1859; x_wconf 78' lang='lat' dir='ltr'>statuisti</span> <span class='ocrx_word' id='word_1_65' title='bbox 482 1795 569 1858; x_wconf 89' lang='lat' dir='ltr'>illum</span> <span class='ocrx_word' id='word_1_66' title='bbox 586 1797 707 1861; x_wconf 82' lang='lat' dir='ltr'>amoliri</span> <span class='ocrx_word' id='word_1_67' title='bbox 723 1797 904 1875; x_wconf 86' lang='lat' dir='ltr'>custodem,</span> <span class='ocrx_word' id='word_1_68' title='bbox 924 1800 1011 1864; x_wconf 83' lang='lat' dir='ltr'>ilium</span> <span class='ocrx_word' id='word_1_69' title='bbox 1025 1788 1170 1886; x_wconf 78' lang='lat' dir='ltr'>jugulare</span> 
     </span>
     <span class='ocr_line' id='line_1_10' title="bbox 144 1896 1171 1986; baseline 0.009 -28"><span class='ocrx_word' id='word_1_70' title='bbox 144 1899 214 1979; x_wconf 81' lang='lat' dir='ltr'>plus</span> <span class='ocrx_word' id='word_1_71' title='bbox 231 1896 333 1961; x_wconf 87' lang='lat' dir='ltr'>nirnio</span> <span class='ocrx_word' id='word_1_72' title='bbox 353 1900 513 1961; x_wconf 84' lang='lat' dir='ltr'>oculatum</span> <span class='ocrx_word' id='word_1_73' title='bbox 531 1900 665 1977; x_wconf 75' lang='lat' dir='ltr'>Argum.</span> <span class='ocrx_word' id='word_1_74' title='bbox 704 1901 746 1961; x_wconf 89' lang='lat' dir='ltr'>Et</span> <span class='ocrx_word' id='word_1_75' title='bbox 766 1903 925 1965; x_wconf 82' lang='lat' dir='ltr'>hacc-sunt</span> <span class='ocrx_word' id='word_1_76' title='bbox 943 1901 1013 1978; x_wconf 78' lang='lat' dir='ltr'>itta,</span> <span class='ocrx_word' id='word_1_77' title='bbox 1045 1924 1116 1986; x_wconf 78' lang='lat' dir='ltr'>qnae</span> <span class='ocrx_word' id='word_1_78' title='bbox 1136 1915 1171 1967; x_wconf 90' lang='lat' dir='ltr'>tu</span> 
     </span>
     <span class='ocr_line' id='line_1_11' title="bbox 145 2000 1170 2083; baseline 0.007 -24"><span class='ocrx_word' id='word_1_79' title='bbox 145 2009 357 2081; x_wconf 83' lang='lat' dir='ltr'>conquestum</span> <span class='ocrx_word' id='word_1_80' title='bbox 374 2000 514 2074; x_wconf 87' lang='lat' dir='ltr'>sciebas,</span> <span class='ocrx_word' id='word_1_81' title='bbox 535 2020 670 2083; x_wconf 74' lang='lat' dir='ltr'>qunque</span> <span class='ocrx_word' id='word_1_82' title='bbox 685 2000 865 2078; x_wconf 79' lang='lat' dir='ltr'><strong>verebaris,</strong></span> <span class='ocrx_word' id='word_1_83' title='bbox 885 2024 926 2066; x_wconf 86' lang='lat' dir='ltr'>ne</span> <span class='ocrx_word' id='word_1_84' title='bbox 941 2002 967 2064; x_wconf 90' lang='lat' dir='ltr'>si</span> <span class='ocrx_word' id='word_1_85' title='bbox 981 2003 1170 2079; x_wconf 82' lang='lat' dir='ltr'>elaberetur,</span> 
     </span>
     <span class='ocr_line' id='line_1_12' title="bbox 143 2098 1171 2184; baseline 0.003 -21"><span class='ocrx_word' id='word_1_86' title='bbox 143 2100 178 2163; x_wconf 91' lang='lat' dir='ltr'>in</span> <span class='ocrx_word' id='word_1_87' title='bbox 199 2110 232 2162; x_wconf 89' lang='lat' dir='ltr'>te</span> <span class='ocrx_word' id='word_1_88' title='bbox 248 2098 333 2163; x_wconf 80' lang='lat' dir='ltr'>forte</span> <span class='ocrx_word' id='word_1_89' title='bbox 349 2101 545 2184; x_wconf 67' lang='lat' dir='ltr'>(liudgerd.</span> <span class='ocrx_word' id='word_1_90' title='bbox 578 2100 621 2163; x_wconf 92' lang='lat' dir='ltr'>ob</span> <span class='ocrx_word' id='word_1_91' title='bbox 636 2100 733 2184; x_wconf 89' lang='lat' dir='ltr'>idque</span> <span class='ocrx_word' id='word_1_92' title='bbox 748 2113 851 2165; x_wconf 85' lang='lat' dir='ltr'>morte</span> <span class='ocrx_word' id='word_1_93' title='bbox 869 2104 968 2183; x_wconf 88' lang='lat' dir='ltr'>ipsius</span> <span class='ocrx_word' id='word_1_94' title='bbox 986 2105 1122 2168; x_wconf 80' lang='lat' dir='ltr'>liberare</span> <span class='ocrx_word' id='word_1_95' title='bbox 1140 2115 1171 2166; x_wconf 91' lang='lat' dir='ltr'>te</span> 
     </span>
     <span class='ocr_line' id='line_1_13' title="bbox 143 2200 1171 2288; baseline 0.004 -25"><span class='ocrx_word' id='word_1_96' title='bbox 143 2212 231 2263; x_wconf 82' lang='lat' dir='ltr'>metu</span> <span class='ocrx_word' id='word_1_97' title='bbox 255 2200 438 2264; x_wconf 80' lang='lat' dir='ltr'>decrevisti.</span> <span class='ocrx_word' id='word_1_98' title='bbox 487 2202 569 2265; x_wconf 85' lang='lat' dir='ltr'>Rem</span> <span class='ocrx_word' id='word_1_99' title='bbox 593 2202 690 2265; x_wconf 77' lang='lat' dir='ltr'>bobes</span> <span class='ocrx_word' id='word_1_100' title='bbox 715 2224 838 2279; x_wconf 80' lang='lat' dir='ltr'>veram,</span> <span class='ocrx_word' id='word_1_101' title='bbox 882 2217 913 2265; x_wconf 87' lang='lat' dir='ltr'>et</span> <span class='ocrx_word' id='word_1_102' title='bbox 937 2205 971 2267; x_wconf 90' lang='lat' dir='ltr'>in</span> <span class='ocrx_word' id='word_1_103' title='bbox 998 2226 1061 2288; x_wconf 82' lang='lat' dir='ltr'>quo</span> <span class='ocrx_word' id='word_1_104' title='bbox 1084 2205 1112 2267; x_wconf 88' lang='lat' dir='ltr'>si</span> <span class='ocrx_word' id='word_1_105' title='bbox 1135 2216 1171 2267; x_wconf 90' lang='lat' dir='ltr'>tu</span> 
     </span>
     <span class='ocr_line' id='line_1_14' title="bbox 149 2303 1173 2390; baseline 0.005 -30"><span class='ocrx_word' id='word_1_106' title='bbox 149 2318 264 2383; x_wconf 81' lang='lat' dir='ltr'>neges,</span> <span class='ocrx_word' id='word_1_107' title='bbox 284 2320 333 2390; x_wconf 43' lang='lat' dir='ltr'>‚ee</span> <span class='ocrx_word' id='word_1_108' title='bbox 357 2313 430 2365; x_wconf 85' lang='lat' dir='ltr'>sunt</span> <span class='ocrx_word' id='word_1_109' title='bbox 452 2314 653 2385; x_wconf 81' lang='lat' dir='ltr'>argumento,</span> <span class='ocrx_word' id='word_1_110' title='bbox 682 2326 752 2388; x_wconf 70' lang='lat' dir='ltr'>quse</span> <span class='ocrx_word' id='word_1_111' title='bbox 768 2304 1020 2369; x_wconf 79' lang='lat' dir='ltr'>manifestissime</span> <span class='ocrx_word' id='word_1_112' title='bbox 1039 2303 1173 2365; x_wconf 89' lang='lat' dir='ltr'>convin-</span> 
     </span>
     <span class='ocr_line' id='line_1_15' title="bbox 149 2402 1173 2488; baseline 0.006 -29"><span class='ocrx_word' id='word_1_113' title='bbox 149 2410 240 2461; x_wconf 72' lang='lat' dir='ltr'>cunt.-</span> <span class='ocrx_word' id='word_1_114' title='bbox 250 2402 343 2464; x_wconf 80' lang='lat' dir='ltr'>&#39;Tum</span> <span class='ocrx_word' id='word_1_115' title='bbox 355 2403 494 2482; x_wconf 72' lang='lat' dir='ltr'>epistole</span> <span class='ocrx_word' id='word_1_116' title='bbox 506 2406 590 2465; x_wconf 85' lang='lat' dir='ltr'>ultro</span> <span class='ocrx_word' id='word_1_117' title='bbox 614 2403 762 2488; x_wconf 87' lang='lat' dir='ltr'>citroque</span> <span class='ocrx_word' id='word_1_118' title='bbox 778 2405 877 2467; x_wconf 74' lang='lat' dir='ltr'>miss-e</span> <span class='ocrx_word' id='word_1_119' title='bbox 892 2416 994 2467; x_wconf 92' lang='lat' dir='ltr'>totum</span> <span class='ocrx_word' id='word_1_120' title='bbox 1006 2403 1173 2484; x_wconf 79' lang='lat' dir='ltr'>negotium</span> 
     </span>
     <span class='ocr_line' id='line_1_16' title="bbox 152 2500 1173 2587; baseline 0.001 -24"><span class='ocrx_word' id='word_1_121' title='bbox 152 2500 323 2566; x_wconf 81' lang='lat' dir='ltr'>continent.</span> <span class='ocrx_word' id='word_1_122' title='bbox 362 2502 506 2566; x_wconf 88' lang='lat' dir='ltr'>Primum</span> <span class='ocrx_word' id='word_1_123' title='bbox 523 2504 620 2587; x_wconf 82' lang='lat' dir='ltr'>igitur</span> <span class='ocrx_word' id='word_1_124' title='bbox 636 2503 691 2566; x_wconf 81' lang='lat' dir='ltr'>abs</span> <span class='ocrx_word' id='word_1_125' title='bbox 712 2515 743 2565; x_wconf 89' lang='lat' dir='ltr'>te</span> <span class='ocrx_word' id='word_1_126' title='bbox 766 2525 891 2587; x_wconf 76' lang='lat' dir='ltr'>quero,</span> <span class='ocrx_word' id='word_1_127' title='bbox 920 2503 1085 2586; x_wconf 89' lang='lat' dir='ltr'>numquis</span> <span class='ocrx_word' id='word_1_128' title='bbox 1106 2524 1173 2564; x_wconf 92' lang='lat' dir='ltr'>om·</span> 
     </span>
     <span class='ocr_line' id='line_1_17' title="bbox 149 2602 1174 2687; baseline 0 -22"><span class='ocrx_word' id='word_1_129' title='bbox 149 2602 239 2665; x_wconf 89' lang='lat' dir='ltr'>nium</span> <span class='ocrx_word' id='word_1_130' title='bbox 261 2614 390 2667; x_wconf 84' lang='lat' dir='ltr'>tuormn</span> <span class='ocrx_word' id='word_1_131' title='bbox 415 2604 605 2678; x_wconf 73' lang='lat' dir='ltr'>amicornm,</span> <span class='ocrx_word' id='word_1_132' title='bbox 637 2615 669 2667; x_wconf 86' lang='lat' dir='ltr'>et</span> <span class='ocrx_word' id='word_1_133' title='bbox 689 2604 722 2678; x_wconf 56' lang='grc' dir='ltr'>ᾖ)</span> <span class='ocrx_word' id='word_1_134' title='bbox 744 2603 893 2665; x_wconf 86' lang='lat' dir='ltr'>comitum</span> <span class='ocrx_word' id='word_1_135' title='bbox 911 2602 1056 2687; x_wconf 86' lang='lat' dir='ltr'>ignoret,</span> <span class='ocrx_word' id='word_1_136' title='bbox 1084 2603 1174 2686; x_wconf 83' lang='lat' dir='ltr'>quod</span> 
     </span>
     <span class='ocr_line' id='line_1_18' title="bbox 146 2702 1174 2787; baseline -0.002 -20"><span class='ocrx_word' id='word_1_137' title='bbox 146 2704 233 2768; x_wconf 71' lang='lat' dir='ltr'>illum</span> <span class='ocrx_word' id='word_1_138' title='bbox 252 2704 378 2787; x_wconf 82' lang='lat' dir='ltr'>perdite</span> <span class='ocrx_word' id='word_1_139' title='bbox 398 2704 577 2767; x_wconf 77' lang='lat' dir='ltr'>amoveris?</span> <span class='ocrx_word' id='word_1_140' title='bbox 602 2704 745 2779; x_wconf 85' lang='lat' dir='ltr'>Deinde,</span> <span class='ocrx_word' id='word_1_141' title='bbox 767 2702 840 2766; x_wconf 90' lang='lat' dir='ltr'>site</span> <span class='ocrx_word' id='word_1_142' title='bbox 863 2704 1056 2779; x_wconf 74' lang='lat' dir='ltr'>offenderat,</span> <span class='ocrx_word' id='word_1_143' title='bbox 1076 2702 1174 2766; x_wconf 83' lang='lat' dir='ltr'>utini</span> 
     </span>
     <span class='ocr_line' id='line_1_19' title="bbox 146 2792 1171 2891; baseline -0.005 -23"><span class='ocrx_word' id='word_1_144' title='bbox 146 2792 255 2891; x_wconf 75' lang='lat' dir='ltr'>longo</span> <span class='ocrx_word' id='word_1_145' title='bbox 274 2804 338 2887; x_wconf 80' lang='lat' dir='ltr'>jum</span> <span class='ocrx_word' id='word_1_146' title='bbox 362 2818 507 2886; x_wconf 86' lang='lat' dir='ltr'>tempore</span> <span class='ocrx_word' id='word_1_147' title='bbox 523 2805 696 2886; x_wconf 76' lang='lat' dir='ltr'>&#39;capitaliter</span> <span class='ocrx_word' id='word_1_148' title='bbox 717 2804 914 2882; x_wconf 82' lang='lat' dir='ltr'>irascereris,</span> <span class='ocrx_word' id='word_1_149' title='bbox 949 2826 1050 2888; x_wconf 84' lang='lat' dir='ltr'>quare</span> <span class='ocrx_word' id='word_1_150' title='bbox 1076 2806 1171 2885; x_wconf 80' lang='lat' dir='ltr'>paulo</span> 
     </span>
    </p>
   </div>
   <div class='ocr_carea' id='block_1_3' title="bbox 145 2902 1289 2987">
    <p class='ocr_par' dir='ltr' id='par_1_3' title="bbox 145 2902 1289 2987">
     <span class='ocr_line' id='line_1_20' title="bbox 145 2902 1289 2987; baseline -0.004 -18"><span class='ocrx_word' id='word_1_151' title='bbox 145 2918 222 2969; x_wconf 79' lang='lat' dir='ltr'>oute</span> <span class='ocrx_word' id='word_1_152' title='bbox 245 2908 364 2971; x_wconf 81' lang='lat' dir='ltr'>credem</span> <span class='ocrx_word' id='word_1_153' title='bbox 387 2906 496 2983; x_wconf 85' lang='lat' dir='ltr'>dictis,</span> <span class='ocrx_word' id='word_1_154' title='bbox 535 2927 572 2968; x_wconf 80' lang='lat' dir='ltr'>nc</span> <span class='ocrx_word' id='word_1_155' title='bbox 599 2906 721 2987; x_wconf 89' lang='lat' dir='ltr'>scriptis</span> <span class='ocrx_word' id='word_1_156' title='bbox 752 2905 901 2987; x_wconf 81' lang='lat' dir='ltr'>precibus</span> <span class='ocrx_word' id='word_1_157' title='bbox 927 2903 1104 2979; x_wconf 85' lang='lat' dir='ltr'>retinuisti,</span> <span class='ocrx_word' id='word_1_158' title='bbox 1137 2924 1174 2965; x_wconf 84' lang='lat' dir='ltr'>ac</span> <span class='ocrx_word' id='word_1_159' title='bbox 1286 2902 1289 2907; x_wconf 82' lang='grc'>’</span> 
     </span>
    </p>
   </div>
   <div class='ocr_carea' id='block_1_4' title="bbox 145 3003 1181 4292">
    <p class='ocr_par' dir='ltr' id='par_1_4' title="bbox 145 3003 1181 4292">
     <span class='ocr_line' id='line_1_21' title="bbox 145 3003 1172 3089; baseline -0.006 -17"><span class='ocrx_word' id='word_1_160' title='bbox 145 3010 233 3072; x_wconf 81' lang='lat' dir='ltr'>idum</span> <span class='ocrx_word' id='word_1_161' title='bbox 259 3007 402 3071; x_wconf 83' lang='lat' dir='ltr'>obtulisti</span> <span class='ocrx_word' id='word_1_162' title='bbox 427 3006 661 3089; x_wconf 78' lang='lat' dir='ltr'>prcfeeturam,</span> <span class='ocrx_word' id='word_1_163' title='bbox 695 3006 796 3087; x_wconf 88' lang='lat' dir='ltr'>stupri</span> <span class='ocrx_word' id='word_1_164' title='bbox 820 3003 1023 3069; x_wconf 79' lang='lat' dir='ltr'>mercedem?</span> <span class='ocrx_word' id='word_1_165' title='bbox 1065 3005 1172 3086; x_wconf 81' lang='lat' dir='ltr'>Quare</span> 
     </span>
     <span class='ocr_line' id='line_1_22' title="bbox 149 3105 1174 3193; baseline -0.009 -20"><span class='ocrx_word' id='word_1_166' title='bbox 149 3130 242 3183; x_wconf 87' lang='lat' dir='ltr'>eum,</span> <span class='ocrx_word' id='word_1_167' title='bbox 271 3106 328 3193; x_wconf 87' lang='lat' dir='ltr'>qni</span> <span class='ocrx_word' id='word_1_168' title='bbox 347 3130 407 3190; x_wconf 88' lang='lat' dir='ltr'>per</span> <span class='ocrx_word' id='word_1_169' title='bbox 431 3106 619 3173; x_wconf 79' lang='lat' dir='ltr'>maleficium</span> <span class='ocrx_word' id='word_1_170' title='bbox 640 3106 742 3168; x_wconf 86' lang='lat' dir='ltr'>occidi</span> <span class='ocrx_word' id='word_1_171' title='bbox 764 3117 943 3181; x_wconf 80' lang='lat' dir='ltr'>meruerat,</span> <span class='ocrx_word' id='word_1_172' title='bbox 976 3105 1011 3168; x_wconf 92' lang='lat' dir='ltr'>in</span> <span class='ocrx_word' id='word_1_173' title='bbox 1030 3115 1085 3167; x_wconf 77' lang='lat' dir='ltr'>tue</span> <span class='ocrx_word' id='word_1_174' title='bbox 1104 3105 1174 3166; x_wconf 79' lang='lat' dir='ltr'>auin</span> 
     </span>
     <span class='ocr_line' id='line_1_23' title="bbox 150 3204 1174 3290; baseline -0.009 -17"><span class='ocrx_word' id='word_1_175' title='bbox 150 3230 225 3273; x_wconf 76' lang='lat' dir='ltr'>csse</span> <span class='ocrx_word' id='word_1_176' title='bbox 240 3209 397 3274; x_wconf 82' lang='lat' dir='ltr'>voluisti?</span> <span class='ocrx_word' id='word_1_177' title='bbox 418 3211 524 3290; x_wconf 81' lang='lat' dir='ltr'>Quare</span> <span class='ocrx_word' id='word_1_178' title='bbox 543 3228 638 3287; x_wconf 88' lang='lat' dir='ltr'>prece</span> <span class='ocrx_word' id='word_1_179' title='bbox 650 3227 687 3267; x_wconf 79' lang='lat' dir='ltr'>oc</span> <span class='ocrx_word' id='word_1_180' title='bbox 699 3206 803 3289; x_wconf 86' lang='lat' dir='ltr'>pretio</span> <span class='ocrx_word' id='word_1_181' title='bbox 819 3215 952 3267; x_wconf 79' lang='lat' dir='ltr'>conotus</span> <span class='ocrx_word' id='word_1_182' title='bbox 968 3204 1107 3265; x_wconf 87' lang='lat' dir='ltr'>retinere</span> <span class='ocrx_word' id='word_1_183' title='bbox 1120 3223 1174 3277; x_wconf 82' lang='lat' dir='ltr'>es,</span> 
     </span>
     <span class='ocr_line' id='line_1_24' title="bbox 150 3302 1174 3395; baseline -0.011 -19"><span class='ocrx_word' id='word_1_184' title='bbox 150 3305 333 3395; x_wconf 76' lang='lat' dir='ltr'>peritum,</span> <span class='ocrx_word' id='word_1_185' title='bbox 344 3308 777 3391; x_wconf 86' lang='lat' dir='ltr'>proditorem,insidiosum,</span> <span class='ocrx_word' id='word_1_186' title='bbox 794 3308 851 3390; x_wconf 85' lang='lat' dir='ltr'>qui</span> <span class='ocrx_word' id='word_1_187' title='bbox 864 3326 970 3369; x_wconf 81' lang='lat' dir='ltr'>corum</span> <span class='ocrx_word' id='word_1_188' title='bbox 983 3303 1082 3365; x_wconf 85' lang='lat' dir='ltr'>abste</span> <span class='ocrx_word' id='word_1_189' title='bbox 1100 3302 1174 3365; x_wconf 90' lang='lat' dir='ltr'>mis·</span> 
     </span>
     <span class='ocr_line' id='line_1_25' title="bbox 148 3402 1175 3494; baseline -0.012 -20"><span class='ocrx_word' id='word_1_190' title='bbox 148 3409 277 3475; x_wconf 81' lang='lat' dir='ltr'>sionem</span> <span class='ocrx_word' id='word_1_191' title='bbox 295 3411 416 3486; x_wconf 82' lang='lat' dir='ltr'>oravit,</span> <span class='ocrx_word' id='word_1_192' title='bbox 445 3429 605 3494; x_wconf 83' lang='lat' dir='ltr'>quemque</span> <span class='ocrx_word' id='word_1_193' title='bbox 619 3420 756 3489; x_wconf 73' lang='lat' dir='ltr'>patemo</span> <span class='ocrx_word' id='word_1_194' title='bbox 774 3408 870 3471; x_wconf 74' lang='lat' dir='ltr'>litere</span> <span class='ocrx_word' id='word_1_195' title='bbox 890 3418 926 3468; x_wconf 93' lang='lat' dir='ltr'>ut</span> <span class='ocrx_word' id='word_1_196' title='bbox 943 3402 1120 3467; x_wconf 80' lang='lat' dir='ltr'>necessario</span> <span class='ocrx_word' id='word_1_197' title='bbox 1134 3403 1175 3465; x_wconf 86' lang='lat' dir='ltr'>dc</span> 
     </span>
     <span class='ocr_line' id='line_1_26' title="bbox 148 3503 1175 3593; baseline -0.011 -18"><span class='ocrx_word' id='word_1_198' title='bbox 148 3534 248 3577; x_wconf 76' lang='lat' dir='ltr'>cause</span> <span class='ocrx_word' id='word_1_199' title='bbox 265 3510 464 3576; x_wconf 78' lang='lat' dir='ltr'>evocabant?</span> <span class='ocrx_word' id='word_1_200' title='bbox 493 3511 572 3572; x_wconf 80' lang='lat' dir='ltr'>Nam</span> <span class='ocrx_word' id='word_1_201' title='bbox 589 3510 677 3593; x_wconf 91' lang='lat' dir='ltr'>quod</span> <span class='ocrx_word' id='word_1_202' title='bbox 695 3507 876 3587; x_wconf 82' lang='lat' dir='ltr'>hujusmodi</span> <span class='ocrx_word' id='word_1_203' title='bbox 892 3506 1022 3570; x_wconf 81' lang='lat' dir='ltr'>crimina</span> <span class='ocrx_word' id='word_1_204' title='bbox 1039 3503 1175 3582; x_wconf 79' lang='lat' dir='ltr'>objicis,</span> 
     </span>
     <span class='ocr_line' id='line_1_27' title="bbox 150 3607 1176 3695; baseline -0.009 -20"><span class='ocrx_word' id='word_1_205' title='bbox 150 3610 294 3695; x_wconf 77' lang='lat' dir='ltr'>iongiori</span> <span class='ocrx_word' id='word_1_206' title='bbox 324 3612 470 3675; x_wconf 74' lang='lat' dir='ltr'>oratione</span> <span class='ocrx_word' id='word_1_207' title='bbox 497 3610 704 3672; x_wconf 82' lang='lat' dir='ltr'>refellendum</span> <span class='ocrx_word' id='word_1_208' title='bbox 733 3628 799 3669; x_wconf 90' lang='lat' dir='ltr'>nou</span> <span class='ocrx_word' id='word_1_209' title='bbox 823 3620 922 3690; x_wconf 89' lang='lat' dir='ltr'>puto,</span> <span class='ocrx_word' id='word_1_210' title='bbox 964 3607 1054 3691; x_wconf 88' lang='lat' dir='ltr'>quod</span> <span class='ocrx_word' id='word_1_211' title='bbox 1080 3625 1176 3669; x_wconf 87' lang='lat' dir='ltr'>nemo</span> 
     </span>
     <span class='ocr_line' id='line_1_28' title="bbox 154 3706 1175 3790; baseline -0.009 -16"><span class='ocrx_word' id='word_1_212' title='bbox 154 3730 224 3774; x_wconf 81' lang='lat' dir='ltr'>non</span> <span class='ocrx_word' id='word_1_213' title='bbox 248 3710 281 3775; x_wconf 87' lang='lat' dir='ltr'>in</span> <span class='ocrx_word' id='word_1_214' title='bbox 306 3722 362 3774; x_wconf 80' lang='lat' dir='ltr'>tue</span> <span class='ocrx_word' id='word_1_215' title='bbox 383 3710 520 3775; x_wconf 85' lang='lat' dir='ltr'>maxime</span> <span class='ocrx_word' id='word_1_216' title='bbox 546 3713 631 3786; x_wconf 79' lang='lat' dir='ltr'>aula,</span> <span class='ocrx_word' id='word_1_217' title='bbox 675 3718 798 3790; x_wconf 90' lang='lat' dir='ltr'>tuoque</span> <span class='ocrx_word' id='word_1_218' title='bbox 830 3708 980 3771; x_wconf 80' lang='lat' dir='ltr'>comitatu</span> <span class='ocrx_word' id='word_1_219' title='bbox 1010 3706 1175 3790; x_wconf 76' lang='lat' dir='ltr'>agnoscit,</span> 
     </span>
     <span class='ocr_line' id='line_1_29' title="bbox 152 3805 1177 3901; baseline -0.011 -23"><span class='ocrx_word' id='word_1_220' title='bbox 152 3834 250 3901; x_wconf 73' lang='lat' dir='ltr'>qnam</span> <span class='ocrx_word' id='word_1_221' title='bbox 265 3824 301 3879; x_wconf 81' lang='lat' dir='ltr'>tu</span> <span class='ocrx_word' id='word_1_222' title='bbox 314 3811 461 3893; x_wconf 86' lang='lat' dir='ltr'>improbe</span> <span class='ocrx_word' id='word_1_223' title='bbox 474 3812 507 3874; x_wconf 87' lang='lat' dir='ltr'>in</span> <span class='ocrx_word' id='word_1_224' title='bbox 523 3832 615 3885; x_wconf 91' lang='lat' dir='ltr'>eum,</span> <span class='ocrx_word' id='word_1_225' title='bbox 642 3808 694 3870; x_wconf 88' lang='lat' dir='ltr'>eui</span> <span class='ocrx_word' id='word_1_226' title='bbox 709 3806 828 3868; x_wconf 77' lang='lat' dir='ltr'>nefaris</span> <span class='ocrx_word' id='word_1_227' title='bbox 853 3809 938 3867; x_wconf 75' lang='lat' dir='ltr'>ende</span> <span class='ocrx_word' id='word_1_228' title='bbox 957 3805 1177 3869; x_wconf 79' lang='lat' dir='ltr'>‹leicrrsioncm</span> 
     </span>
     <span class='ocr_line' id='line_1_30' title="bbox 153 3905 1176 3992; baseline -0.014 -13"><span class='ocrx_word' id='word_1_229' title='bbox 153 3914 318 3992; x_wconf 64' lang='lat' dir='ltr'>ademisti,</span> <span class='ocrx_word' id='word_1_230' title='bbox 343 3912 516 3976; x_wconf 77' lang='lat' dir='ltr'>mentiatis.</span> <span class='ocrx_word' id='word_1_231' title='bbox 553 3912 660 3972; x_wconf 88' lang='lat' dir='ltr'>Porro</span> <span class='ocrx_word' id='word_1_232' title='bbox 676 3906 767 3970; x_wconf 79' lang='lat' dir='ltr'>aliter</span> <span class='ocrx_word' id='word_1_233' title='bbox 786 3905 957 3975; x_wconf 72' lang='lat' dir='ltr'>existimari</span> <span class='ocrx_word' id='word_1_234' title='bbox 971 3928 1038 3965; x_wconf 91' lang='lat' dir='ltr'>uon</span> <span class='ocrx_word' id='word_1_235' title='bbox 1053 3916 1176 3985; x_wconf 87' lang='lat' dir='ltr'>potest,</span> 
     </span>
     <span class='ocr_line' id='line_1_31' title="bbox 153 4002 1179 4100; baseline -0.019 -20"><span class='ocrx_word' id='word_1_236' title='bbox 153 4014 265 4100; x_wconf 84' lang='lat' dir='ltr'>siquid</span> <span class='ocrx_word' id='word_1_237' title='bbox 288 4014 348 4078; x_wconf 81' lang='lat' dir='ltr'>tibi</span> <span class='ocrx_word' id='word_1_238' title='bbox 374 4014 488 4077; x_wconf 80' lang='lat' dir='ltr'>fuisset</span> <span class='ocrx_word' id='word_1_239' title='bbox 515 4022 625 4075; x_wconf 77' lang='lat' dir='ltr'>contra</span> <span class='ocrx_word' id='word_1_240' title='bbox 650 4009 701 4084; x_wconf 55' lang='grc' dir='ltr'>ω)</span> <span class='ocrx_word' id='word_1_241' title='bbox 727 4008 814 4069; x_wconf 90' lang='lat' dir='ltr'>illum</span> <span class='ocrx_word' id='word_1_242' title='bbox 844 4003 943 4084; x_wconf 82' lang='lat' dir='ltr'>juris,</span> <span class='ocrx_word' id='word_1_243' title='bbox 983 4013 1036 4063; x_wconf 79' lang='lat' dir='ltr'>aut</span> <span class='ocrx_word' id='word_1_244' title='bbox 1062 4002 1179 4083; x_wconf 88' lang='lat' dir='ltr'>siquod</span> 
     </span>
     <span class='ocr_line' id='line_1_32' title="bbox 153 4102 1180 4198; baseline -0.019 -17"><span class='ocrx_word' id='word_1_245' title='bbox 153 4116 289 4181; x_wconf 88' lang='lat' dir='ltr'>omnino</span> <span class='ocrx_word' id='word_1_246' title='bbox 319 4113 473 4198; x_wconf 79' lang='lat' dir='ltr'>flagitium</span> <span class='ocrx_word' id='word_1_247' title='bbox 503 4110 726 4185; x_wconf 84' lang='lat' dir='ltr'>commisisset,</span> <span class='ocrx_word' id='word_1_248' title='bbox 771 4106 850 4191; x_wconf 87' lang='lat' dir='ltr'>quin</span> <span class='ocrx_word' id='word_1_249' title='bbox 882 4118 916 4169; x_wconf 89' lang='lat' dir='ltr'>tu</span> <span class='ocrx_word' id='word_1_250' title='bbox 946 4102 1023 4166; x_wconf 84' lang='lat' dir='ltr'>illud</span> <span class='ocrx_word' id='word_1_251' title='bbox 1053 4104 1180 4181; x_wconf 76' lang='lat' dir='ltr'>pianum</span> 
     </span>
     <span class='ocr_line' id='line_1_33' title="bbox 154 4202 1181 4292; baseline -0.019 -13"><span class='ocrx_word' id='word_1_252' title='bbox 154 4214 289 4281; x_wconf 74' lang='lat' dir='ltr'>recisse·</span> <span class='ocrx_word' id='word_1_253' title='bbox 302 4216 392 4292; x_wconf 58' lang='lat' dir='ltr'>m),</span> <span class='ocrx_word' id='word_1_254' title='bbox 425 4234 463 4279; x_wconf 82' lang='lat' dir='ltr'>uc</span> <span class='ocrx_word' id='word_1_255' title='bbox 482 4212 614 4277; x_wconf 88' lang='lat' dir='ltr'>testibus</span> <span class='ocrx_word' id='word_1_256' title='bbox 633 4208 798 4275; x_wconf 87' lang='lat' dir='ltr'>docuisses</span> <span class='ocrx_word' id='word_1_257' title='bbox 821 4208 926 4285; x_wconf 52' lang='lat' dir='ltr'>W),</span> <span class='ocrx_word' id='word_1_258' title='bbox 952 4207 1125 4289; x_wconf 87' lang='lat' dir='ltr'>potiusque</span> <span class='ocrx_word' id='word_1_259' title='bbox 1144 4202 1181 4276; x_wconf 87' lang='lat'>†)</span> 
     </span>
    </p>
   </div>
   <div class='ocr_carea' id='block_1_5' title="bbox 985 4432 1064 4503">
    <p class='ocr_par' dir='ltr' id='par_1_5' title="bbox 985 4432 1064 4503">
     <span class='ocr_line' id='line_1_34' title="bbox 985 4432 1064 4503; baseline -0.038 -39"><span class='ocrx_word' id='word_1_260' title='bbox 985 4432 1064 4503; x_wconf 55' lang='lat' dir='ltr'>nu)</span> 
     </span>
    </p>
   </div>
   <div class='ocr_carea' id='block_1_6' title="bbox 192 4439 1182 4518">
    <p class='ocr_par' dir='ltr' id='par_1_6' title="bbox 192 4439 1182 4518">
     <span class='ocr_line' id='line_1_35' title="bbox 192 4439 1182 4518; baseline -0.02 -13"><span class='ocrx_word' id='word_1_261' title='bbox 192 4448 227 4518; x_wconf 71' lang='lat'>*)</span> <span class='ocrx_word' id='word_1_262' title='bbox 243 4464 285 4515; x_wconf 79' lang='lat' dir='ltr'>es,</span> <span class='ocrx_word' id='word_1_263' title='bbox 302 4468 338 4504; x_wconf 76' lang='lat' dir='ltr'>sc.</span> <span class='ocrx_word' id='word_1_264' title='bbox 374 4444 418 4514; x_wconf 66' lang='lat'>⁴⁸)</span> <span class='ocrx_word' id='word_1_265' title='bbox 438 4460 529 4502; x_wconf 76' lang='lat' dir='ltr'>contra</span> <span class='ocrx_word' id='word_1_266' title='bbox 537 4484 546 4509; x_wconf 97' lang='lat'>,</span> <span class='ocrx_word' id='word_1_267' title='bbox 563 4451 596 4497; x_wconf 87' lang='lat' dir='ltr'>in.</span> <span class='ocrx_word' id='word_1_268' title='bbox 632 4439 694 4507; x_wconf 56' lang='grc' dir='ltr'>Ψ)</span> <span class='ocrx_word' id='word_1_269' title='bbox 708 4450 832 4506; x_wconf 65' lang='lat' dir='ltr'>secum,</span> <span class='ocrx_word' id='word_1_270' title='bbox 849 4448 950 4494; x_wconf 78' lang='lat' dir='ltr'>taceres.</span> <span class='ocrx_word' id='word_1_271' title='bbox 1082 4444 1182 4489; x_wconf 57' lang='lat' dir='ltr'>docutss</span> 
     </span>
    </p>
   </div>
   <div class='ocr_carea' id='block_1_7' title="bbox 193 4528 1179 4597">
    <p class='ocr_par' dir='ltr' id='par_1_7' title="bbox 193 4528 1179 4597">
     <span class='ocr_line' id='line_1_36' title="bbox 193 4528 1179 4597; baseline -0.018 -9"><span class='ocrx_word' id='word_1_272' title='bbox 193 4554 250 4597; x_wconf 76' lang='lat' dir='ltr'>m,</span> <span class='ocrx_word' id='word_1_273' title='bbox 270 4542 380 4589; x_wconf 76' lang='lat' dir='ltr'>doceres.</span> <span class='ocrx_word' id='word_1_274' title='bbox 416 4540 446 4591; x_wconf 55' lang='grc' dir='ltr'>ᾖ)</span> <span class='ocrx_word' id='word_1_275' title='bbox 469 4540 526 4582; x_wconf 79' lang='lat' dir='ltr'>statt</span> <span class='ocrx_word' id='word_1_276' title='bbox 543 4539 672 4592; x_wconf 64' lang='lat' dir='ltr'>pommus</span> <span class='ocrx_word' id='word_1_277' title='bbox 700 4548 727 4579; x_wconf 79' lang='lat' dir='ltr'>re</span> <span class='ocrx_word' id='word_1_278' title='bbox 745 4538 797 4583; x_wconf 69' lang='lat' dir='ltr'>iro·</span> <span class='ocrx_word' id='word_1_279' title='bbox 816 4529 975 4577; x_wconf 78' lang='lat' dir='ltr'>nntrmrticbc</span> <span class='ocrx_word' id='word_1_280' title='bbox 993 4528 1179 4573; x_wconf 72' lang='lat' dir='ltr'>Verbessrrnur.</span> 
     </span>
    </p>
   </div>
   <div class='ocr_carea' id='block_1_8' title="bbox 0 0 1339 5108">
    <p class='ocr_par' dir='ltr' id='par_1_8' title="bbox 0 0 1339 5108">
     <span class='ocr_line' id='line_1_37' title="bbox 0 0 1339 5108; baseline 0 0"><span class='ocrx_word' id='word_1_281' title='bbox 0 0 1339 5108; x_wconf 95' lang='lat' dir='ltr'> </span> 
     </span>
    </p>
   </div>
  </div>
 </body>
</html>
