2624 5108
146 838 213 922 162
385 830 428 902 In
454 824 640 899 Ulrichum
667 826 917 926 Wirtenbcrg.

283 1024 344 1094 „Et
380 1022 435 1097 qul
464 1019 504 1077 ab
533 1035 596 1076 auo
623 1037 688 1077 non
712 1029 817 1092 potest
848 1021 969 1089 occidi,
1005 1038 1028 1077 a
1061 1023 1173 1080 multis

694 1114 870 1182 occiditur,

281 1210 413 1282 Elephas
431 1209 550 1278 grandis
568 1216 630 1276 eut,
651 1216 680 1261 ct
698 1207 864 1276 occiditur,

281 1295 347 1359 Leo
368 1300 454 1357 sortis
473 1311 536 1370 est,
558 1308 588 1355 et
606 1300 775 1368 occiditur,

282 1395 385 1463 Tigris
405 1393 492 1448 fortia
512 1402 577 1461 est,
596 1401 626 1446 et
643 1392 814 1463 occiditur,

285 1489 366 1542 Cave
383 1487 498 1541 inultos
506 1527 516 1555 ,
533 1487 564 1541 si
580 1484 725 1561 singulos
742 1503 807 1541 teon
829 1486 963 1542 tinecs!“
981 1517 1015 1528 —

140 1608 218 1680 Non
263 1605 420 1674 diuturne
471 1610 517 1672 hae
560 1619 620 1670 tnae
663 1629 741 1690 opes
778 1620 869 1684 sunt,
920 1632 982 1674 nec
1021 1612 1082 1677 ista
1117 1613 1175 1677 tibi

141 1711 277 1786 auxilia,
308 1713 354 1773 hae
378 1721 538 1792 perpetuo
563 1710 767 1795 adhaerebunt
791 1710 902 1790 copiae.
952 1710 1113 1779 Paulatim
1143 1727 1175 1780 te

141 1813 188 1878 tui
210 1814 371 1879 descramt.
409 1808 545 1874 Externi
562 1831 643 1874 vero
663 1832 730 1873 non
746 1802 899 1876 idoneum
917 1811 1173 1892 arbitrabuntur,

141 1905 302 1979 hominem
320 1909 542 1993 desperatum,
573 1933 610 1974 ac
627 1913 859 1987 confidentem,
888 1912 922 1976 in
942 1912 1049 1975 omnia
1064 1915 1175 1994 proci-

140 2016 257 2098 pitem,
285 2015 325 2077 ad
342 2012 419 2076 nihil
437 2012 592 2076 munitum
612 2012 708 2089 satie,
734 2014 894 2088 ertatem,
928 2032 1026 2096 quem
1043 2036 1174 2079 necesse

139 2117 221 2192 tuit,
251 2115 284 2178 in
309 2132 479 2179 commune
504 2113 670 2179 hominum
693 2112 821 2188 odium,
853 2113 995 2177 velutin
1009 2115 1173 2199 puteum

140 2215 324 2283 hemilion
344 2202 481 2299 conjici,
514 2235 611 2297 quem
635 2233 746 2276 omnes
771 2212 913 2283 occisum
932 2216 1061 2291 volunt,
1087 2226 1121 2279 et
1143 2215 1175 2291 ²³)

141 2336 185 2384 ex
208 2317 374 2383 hominum
397 2336 550 2390 numero,
592 2334 628 2375 ac
651 2314 702 2390 Μ)
733 2310 858 2378 linibus
886 2317 1028 2380 humanae
1055 2328 1176 2380 natanae

142 2418 419 2484 exterminandum
447 2426 574 2496 putant,
617 2434 713 2498 quem
739 2434 835 2477 nemo
865 2416 947 2494 lert,
982 2437 1078 2481 nemo
1109 2440 1176 2482 non

143 2523 336 2594 detestatur,
364 2528 396 2580 et
412 2518 482 2595 m)
500 2515 649 2578 extremis
671 2514 759 2578 malis
779 2516 943 2593 devovet,
969 2516 1062 2599 cujus
1083 2541 1177 2598 poena

144 2623 292 2686 omnibus
303 2618 453 2700 triumphi
473 2620 546 2680 loco
562 2616 670 2679 lutura
682 2627 747 2691 est,
767 2618 860 2680 talem
874 2627 922 2693 te,
940 2617 1087 2700 inquam,
1106 2640 1174 2697 non

144 2723 300 2787 idoneum
322 2720 575 2792 arbitrabuntur,
602 2714 693 2796 cujus
713 2716 842 2779 nomine
862 2728 981 2780 nutum
998 2718 1177 2799 periculum

144 2822 269 2886 adeant.
307 2821 360 2881 Tu
379 2829 482 2880 tamen
502 2816 567 2876 lato
587 2815 763 2891 obnoxius,
785 2817 1033 2900 quodomnium
1050 2839 1176 2903 semper

145 2922 277 2984 audacia
295 2917 397 3000 fugit,
428 2913 568 2979 omnium
587 2914 680 2978 furor
700 2917 880 2992 abhorruit,
910 2919 1052 2983 omnium
1070 2920 1178 2983 imma-

64 3106 67 3111 ν
147 3020 228 3082 nitas
253 3017 430 3080 abominata
461 3026 525 3091 est,
562 3038 599 3079 ea
616 3016 673 3078 tihi
691 3018 779 3094 )
802 3019 980 3098 promittis,
1016 3045 1087 3106 quae
1106 3035 1178 3086 ante

147 3129 181 3179 te
199 3138 293 3180 nemo
311 3137 439 3198 sperare
457 3115 576 3192 voluit,
596 3127 631 3178 ut
648 3117 802 3181 Gallicum
817 3131 978 3201 sceptrum
997 3124 1178 3188 cervicibus

147 3218 264 3283 nostris
285 3218 546 3300 superimponas,
574 3238 633 3279 nos
654 3230 836 3282 exterarum
865 3221 1030 3285 nationum
1052 3223 1178 3300 furori,

149 3342 186 3384 ac
212 3319 310 3384 turbae
341 3321 477 3400 prodas,
509 3329 594 3379 tuam
619 3318 750 3398 patriam
776 3340 938 3397 eversam,
978 3344 1180 3388 communem

153 3422 357 3485 Germaniam
373 3419 565 3481 destructam
583 3417 672 3480 velis.
712 3420 808 3500 Quod
825 3438 899 3481 cum
914 3421 1056 3504 cogites,
1086 3443 1123 3485 ac
1144 3436 1182 3486 ut

150 3518 315 3600 perficias,
356 3516 431 3581 satis
455 3515 643 3580 instructum
669 3528 700 3580 te
722 3531 832 3598 putes,
871 3516 934 3600 jam
958 3531 994 3582 ut
1019 3533 1177 3598 matures,

153 3618 269 3699 jubeo,
307 3640 343 3679 ac
370 3618 561 3702 praeeipitem
587 3629 618 3682 te
645 3619 783 3698 impello.
834 3619 993 3700 Quoniam
1025 3622 1111 3686 enim
1141 3626 1180 3688 ad

154 3731 296 3783 extrema
323 3719 380 3782 ista
407 3719 658 3802 confugiendum
686 3717 744 3780 tibi
778 3721 911 3801 putasti,
947 3719 1012 3800 jam
1040 3723 1180 3786 medium

154 3822 230 3884 nihil
252 3821 351 3883 vides.
390 3821 456 3884 Seis
484 3840 640 3884 nonense
664 3819 712 3884 las
741 3819 820 3883 hanc
839 3824 944 3885 lucem
970 3822 1085 3886 mareri
1111 3824 1180 3887 tibi.

155 3921 240 3998 Scis,
260 3923 344 3984 hunc
354 3944 424 3985 esse
439 3922 540 3997 diem,
561 3942 627 4003 quo
639 3920 680 3982 de
691 3931 748 3983 tuo
763 3920 865 3999 capite
876 3943 913 3984 ac
929 3922 1066 3987 fortunis
1077 3925 1180 3988 omni-

155 4023 216 4086 bus
236 4021 439 4102 judicabitur.
489 4024 598 4102 Atque
625 4039 667 4080 ex
695 4042 736 4082 eo
761 4017 882 4101 judicio
910 4020 986 4084 nihil
1004 4034 1036 4087 te
1059 4027 1180 4100 mmm,

158 4123 263 4185 omnia
282 4133 407 4196 moesta,
442 4141 478 4183 ae
507 4122 652 4182 luctuosa
679 4131 917 4202 reportaturum
946 4124 984 4198 †)
1024 4122 1181 4206 intelligis.

155 4254 350 4282 'bn-...n-

193 4368 331 4435 *)et,ae.
369 4365 480 4430 ⁴⁸⁸¹)ac,
507 4386 546 4420 ex.
582 4365 644 4434 W)
666 4383 708 4434 et,
736 4388 771 4423 ac.
807 4366 885 4430 ΜΗ)
906 4378 1183 4438 nacheattbt,aicht

195 4471 257 4511 aaliz
277 4458 465 4505 eersrnidlicticr
482 4457 582 4504 Zosatz.
619 4461 643 4511 rt
663 4460 722 4505 tracti
741 4463 871 4518 reportat:
893 4471 919 4508 te
935 4463 1156 4520 durchgestrlchen.
