<?xml version="1.0" encoding="UTF-8"?>
<!DOCTYPE html PUBLIC "-//W3C//DTD XHTML 1.0 Transitional//EN"
    "http://www.w3.org/TR/xhtml1/DTD/xhtml1-transitional.dtd">
<html xmlns="http://www.w3.org/1999/xhtml" xml:lang="en" lang="en">
 <head>
  <title>
</title>
<meta http-equiv="Content-Type" content="text/html;charset=utf-8" />
  <meta name='ocr-system' content='tesseract 3.04.00' />
  <meta name='ocr-capabilities' content='ocr_page ocr_carea ocr_par ocr_line ocrx_word'/>
</head>
<body>
  <div class='ocr_page' id='page_1' title='image "./ulrichiabhutten03mngoog_0065.png"; bbox 0 0 2624 5108; ppageno 0'>
   <div class='ocr_carea' id='block_1_1' title="bbox 152 871 877 955">
    <p class='ocr_par' dir='ltr' id='par_1_1' title="bbox 152 871 877 955">
     <span class='ocr_line' id='line_1_1' title="bbox 152 871 877 955; baseline -0.007 -4"><span class='ocrx_word' id='word_1_1' title='bbox 152 888 196 951; x_wconf 76' lang='lat'>52</span> <span class='ocrx_word' id='word_1_2' title='bbox 428 875 484 945; x_wconf 85' lang='lat' dir='ltr'>Ad</span> <span class='ocrx_word' id='word_1_3' title='bbox 507 873 651 946; x_wconf 83' lang='lat' dir='ltr'>Ludov.</span> <span class='ocrx_word' id='word_1_4' title='bbox 669 871 877 955; x_wconf 85' lang='lat' dir='ltr'>Huttenum</span> 
     </span>
    </p>
   </div>
   <div class='ocr_carea' id='block_1_2' title="bbox 140 1064 1175 4244">
    <p class='ocr_par' dir='ltr' id='par_1_2' title="bbox 140 1064 1175 4244">
     <span class='ocr_line' id='line_1_2' title="bbox 150 1064 1171 1146; baseline -0.001 -16"><span class='ocrx_word' id='word_1_5' title='bbox 150 1070 253 1131; x_wconf 80' lang='lat' dir='ltr'>fertur</span> <span class='ocrx_word' id='word_1_6' title='bbox 271 1067 441 1146; x_wconf 79' lang='lat' dir='ltr'>adspirare.</span> <span class='ocrx_word' id='word_1_7' title='bbox 488 1066 531 1127; x_wconf 75' lang='lat' dir='ltr'>Et</span> <span class='ocrx_word' id='word_1_8' title='bbox 551 1064 639 1144; x_wconf 85' lang='lat' dir='ltr'>prius</span> <span class='ocrx_word' id='word_1_9' title='bbox 662 1065 768 1128; x_wconf 86' lang='lat' dir='ltr'>omniu</span> <span class='ocrx_word' id='word_1_10' title='bbox 789 1076 912 1127; x_wconf 81' lang='lat' dir='ltr'>eertum</span> <span class='ocrx_word' id='word_1_11' title='bbox 936 1076 985 1129; x_wconf 81' lang='lat' dir='ltr'>eat</span> <span class='ocrx_word' id='word_1_12' title='bbox 1007 1065 1171 1145; x_wconf 78' lang='lat' dir='ltr'>experiri„</span> 
     </span>
     <span class='ocr_line' id='line_1_3' title="bbox 151 1163 1164 1250; baseline -0.002 -21"><span class='ocrx_word' id='word_1_13' title='bbox 151 1190 244 1250; x_wconf 81' lang='lat' dir='ltr'>qrram</span> <span class='ocrx_word' id='word_1_14' title='bbox 270 1165 399 1229; x_wconf 86' lang='lat' dir='ltr'>uostris·</span> <span class='ocrx_word' id='word_1_15' title='bbox 413 1163 506 1233; x_wconf 79' lang='lat' dir='ltr'>muris</span> <span class='ocrx_word' id='word_1_16' title='bbox 531 1164 677 1241; x_wconf 74' lang='lat' dir='ltr'>turbetur</span> <span class='ocrx_word' id='word_1_17' title='bbox 702 1165 886 1229; x_wconf 75' lang='lat' dir='ltr'><strong>Germania.</strong></span> <span class='ocrx_word' id='word_1_18' title='bbox 939 1168 1030 1228; x_wconf 85' lang='lat' dir='ltr'>Bona</span> <span class='ocrx_word' id='word_1_19' title='bbox 1057 1167 1164 1248; x_wconf 84' lang='lat' dir='ltr'>itaque</span> 
     </span>
     <span class='ocr_line' id='line_1_4' title="bbox 150 1263 1172 1349; baseline -0.001 -19"><span class='ocrx_word' id='word_1_20' title='bbox 150 1290 222 1349; x_wconf 85' lang='lat' dir='ltr'>spes</span> <span class='ocrx_word' id='word_1_21' title='bbox 240 1278 302 1341; x_wconf 85' lang='lat' dir='ltr'>est,</span> <span class='ocrx_word' id='word_1_22' title='bbox 320 1276 548 1331; x_wconf 80' lang='lat' dir='ltr'>consecuturos</span> <span class='ocrx_word' id='word_1_23' title='bbox 563 1263 669 1327; x_wconf 86' lang='lat' dir='ltr'>omnia</span> <span class='ocrx_word' id='word_1_24' title='bbox 681 1285 805 1341; x_wconf 80' lang='lat' dir='ltr'>noser,</span> <span class='ocrx_word' id='word_1_25' title='bbox 826 1286 896 1349; x_wconf 81' lang='lat' dir='ltr'>quae</span> <span class='ocrx_word' id='word_1_26' title='bbox 907 1264 979 1346; x_wconf 81' lang='lat' dir='ltr'>jure</span> <span class='ocrx_word' id='word_1_27' title='bbox 996 1266 1172 1341; x_wconf 74' lang='lat' dir='ltr'><strong>debentur..</strong></span> 
     </span>
     <span class='ocr_line' id='line_1_5' title="bbox 149 1362 1165 1449; baseline 0 -20"><span class='ocrx_word' id='word_1_28' title='bbox 149 1380 180 1429; x_wconf 84' lang='lat' dir='ltr'>et</span> <span class='ocrx_word' id='word_1_29' title='bbox 195 1368 288 1431; x_wconf 87' lang='lat' dir='ltr'>istum</span> <span class='ocrx_word' id='word_1_30' title='bbox 300 1364 368 1429; x_wconf 80' lang='lat' dir='ltr'>siue</span> <span class='ocrx_word' id='word_1_31' title='bbox 383 1373 494 1429; x_wconf 70' lang='lat' dir='ltr'>instro</span> <span class='ocrx_word' id='word_1_32' title='bbox 507 1362 670 1444; x_wconf 74' lang='lat' dir='ltr'>peneus,</span> <span class='ocrx_word' id='word_1_33' title='bbox 687 1362 757 1427; x_wconf 73' lang='lat' dir='ltr'>sine</span> <span class='ocrx_word' id='word_1_34' title='bbox 771 1365 899 1445; x_wconf 84' lang='lat' dir='ltr'>publico</span> <span class='ocrx_word' id='word_1_35' title='bbox 916 1368 1064 1440; x_wconf 70' lang='lat' dir='ltr'>tumultu,</span> <span class='ocrx_word' id='word_1_36' title='bbox 1085 1384 1165 1449; x_wconf 76' lang='lat' dir='ltr'>ques</span> 
     </span>
     <span class='ocr_line' id='line_1_6' title="bbox 147 1459 1165 1549; baseline 0.002 -20"><span class='ocrx_word' id='word_1_37' title='bbox 147 1468 258 1540; x_wconf 83' lang='lat' dir='ltr'>debet,</span> <span class='ocrx_word' id='word_1_38' title='bbox 285 1459 504 1549; x_wconf 16' lang='lat' dir='ltr'>poenaspnolaia</span> <span class='ocrx_word' id='word_1_39' title='bbox 521 1464 689 1541; x_wconf 77' lang='lat' dir='ltr'>daturum,</span> <span class='ocrx_word' id='word_1_40' title='bbox 719 1484 792 1529; x_wconf 89' lang='lat' dir='ltr'>eum</span> <span class='ocrx_word' id='word_1_41' title='bbox 815 1466 891 1548; x_wconf 88' lang='lat' dir='ltr'>quia</span> <span class='ocrx_word' id='word_1_42' title='bbox 912 1464 1073 1548; x_wconf 78' lang='lat' dir='ltr'>ingemet</span> <span class='ocrx_word' id='word_1_43' title='bbox 1094 1467 1165 1531; x_wconf 82' lang='lat' dir='ltr'>siue</span> 
     </span>
     <span class='ocr_line' id='line_1_7' title="bbox 147 1564 1175 1648; baseline 0.002 -21"><span class='ocrx_word' id='word_1_44' title='bbox 147 1568 295 1645; x_wconf 70' lang='lat' dir='ltr'>eaeruplo</span> <span class='ocrx_word' id='word_1_45' title='bbox 317 1575 364 1626; x_wconf 87' lang='lat' dir='ltr'>est</span> <span class='ocrx_word' id='word_1_46' title='bbox 376 1564 447 1639; x_wconf 70' lang='lat' dir='ltr'>‚hoo</span> <span class='ocrx_word' id='word_1_47' title='bbox 465 1564 586 1637; x_wconf 68' lang='lat' dir='ltr'>scetus,</span> <span class='ocrx_word' id='word_1_48' title='bbox 601 1574 689 1633; x_wconf 87' lang='lat' dir='ltr'>..tum</span> <span class='ocrx_word' id='word_1_49' title='bbox 706 1584 786 1627; x_wconf 81' lang='lat' dir='ltr'>vero</span> <span class='ocrx_word' id='word_1_50' title='bbox 813 1565 903 1647; x_wconf 86' lang='lat' dir='ltr'>quod</span> <span class='ocrx_word' id='word_1_51' title='bbox 922 1565 984 1629; x_wconf 87' lang='lat' dir='ltr'>nisi</span> <span class='ocrx_word' id='word_1_52' title='bbox 1001 1565 1175 1648; x_wconf 68' lang='lat' dir='ltr'>nutriatur„</span> 
     </span>
     <span class='ocr_line' id='line_1_8' title="bbox 146 1662 1165 1743; baseline 0.005 -17"><span class='ocrx_word' id='word_1_53' title='bbox 146 1666 240 1727; x_wconf 89' lang='lat' dir='ltr'>timor</span> <span class='ocrx_word' id='word_1_54' title='bbox 261 1675 308 1727; x_wconf 86' lang='lat' dir='ltr'>est</span> <span class='ocrx_word' id='word_1_55' title='bbox 330 1662 437 1727; x_wconf 87' lang='lat' dir='ltr'>ornnia</span> <span class='ocrx_word' id='word_1_56' title='bbox 459 1682 569 1727; x_wconf 73' lang='lat' dir='ltr'>omnes</span> <span class='ocrx_word' id='word_1_57' title='bbox 588 1681 733 1727; x_wconf 80' lang='lat' dir='ltr'>aruuros.</span> <span class='ocrx_word' id='word_1_58' title='bbox 751 1710 756 1731; x_wconf 88' lang='grc'>,-</span> <span class='ocrx_word' id='word_1_59' title='bbox 772 1662 869 1728; x_wconf 81' lang='lat' dir='ltr'>Certe</span> <span class='ocrx_word' id='word_1_60' title='bbox 890 1665 958 1729; x_wconf 84' lang='lat' dir='ltr'>talis</span> <span class='ocrx_word' id='word_1_61' title='bbox 977 1676 1025 1730; x_wconf 88' lang='lat' dir='ltr'>est</span> <span class='ocrx_word' id='word_1_62' title='bbox 1042 1665 1165 1743; x_wconf 76' lang='lat' dir='ltr'>Cesar,</span> 
     </span>
     <span class='ocr_line' id='line_1_9' title="bbox 146 1760 1165 1847; baseline 0.002 -22"><span class='ocrx_word' id='word_1_63' title='bbox 146 1764 297 1847; x_wconf 77' lang='lat' dir='ltr'>quinam</span> <span class='ocrx_word' id='word_1_64' title='bbox 314 1763 354 1825; x_wconf 89' lang='lat' dir='ltr'>de</span> <span class='ocrx_word' id='word_1_65' title='bbox 372 1784 407 1827; x_wconf 86' lang='lat' dir='ltr'>se</span> <span class='ocrx_word' id='word_1_66' title='bbox 423 1760 586 1835; x_wconf 81' lang='lat' dir='ltr'>hominum</span> <span class='ocrx_word' id='word_1_67' title='bbox 603 1762 793 1843; x_wconf 79' lang='lat' dir='ltr'>opinionem</span> <span class='ocrx_word' id='word_1_68' title='bbox 804 1785 871 1827; x_wconf 87' lang='lat' dir='ltr'>uon</span> <span class='ocrx_word' id='word_1_69' title='bbox 888 1765 1022 1828; x_wconf 82' lang='lat' dir='ltr'>deseret.</span> <span class='ocrx_word' id='word_1_70' title='bbox 1060 1767 1165 1827; x_wconf 81' lang='lat' dir='ltr'>Rece-</span> 
     </span>
     <span class='ocr_line' id='line_1_10' title="bbox 145 1861 1162 1945; baseline 0 -18"><span class='ocrx_word' id='word_1_71' title='bbox 145 1864 221 1927; x_wconf 88' lang='lat' dir='ltr'>dere</span> <span class='ocrx_word' id='word_1_72' title='bbox 241 1864 281 1925; x_wconf 89' lang='lat' dir='ltr'>ab</span> <span class='ocrx_word' id='word_1_73' title='bbox 300 1864 406 1925; x_wconf 89' lang='lat' dir='ltr'>innata</span> <span class='ocrx_word' id='word_1_74' title='bbox 422 1861 484 1927; x_wconf 89' lang='lat' dir='ltr'>sibi</span> <span class='ocrx_word' id='word_1_75' title='bbox 496 1862 642 1945; x_wconf 74' lang='lat' dir='ltr'>aequitate</span> <span class='ocrx_word' id='word_1_76' title='bbox 653 1867 836 1937; x_wconf 71' lang='lat' dir='ltr'>,nori-nolet.</span> <span class='ocrx_word' id='word_1_77' title='bbox 873 1866 1010 1944; x_wconf 75' lang='lat' dir='ltr'><strong>Propter</strong></span> <span class='ocrx_word' id='word_1_78' title='bbox 1026 1864 1057 1940; x_wconf 75' lang='lat' dir='ltr'>*l</span> <span class='ocrx_word' id='word_1_79' title='bbox 1073 1864 1162 1927; x_wconf 73' lang='lat' dir='ltr'>istius</span> 
     </span>
     <span class='ocr_line' id='line_1_11' title="bbox 144 1962 1163 2040; baseline 0 -13"><span class='ocrx_word' id='word_1_80' title='bbox 144 1967 291 2040; x_wconf 84' lang='lat' dir='ltr'>salutem,</span> <span class='ocrx_word' id='word_1_81' title='bbox 317 1964 405 2027; x_wconf 77' lang='lat' dir='ltr'>same</span> <span class='ocrx_word' id='word_1_82' title='bbox 427 1984 463 2036; x_wconf 80' lang='lat' dir='ltr'>ac</span> <span class='ocrx_word' id='word_1_83' title='bbox 484 1962 723 2037; x_wconf 73' lang='lat' dir='ltr'>existimationis</span> <span class='ocrx_word' id='word_1_84' title='bbox 747 1984 812 2027; x_wconf 83' lang='lat' dir='ltr'>suas</span> <span class='ocrx_word' id='word_1_85' title='bbox 832 1963 1007 2027; x_wconf 77' lang='lat' dir='ltr'>discrimen.</span> <span class='ocrx_word' id='word_1_86' title='bbox 1020 1963 1163 2027; x_wconf 79' lang='lat' dir='ltr'>incidere</span> 
     </span>
     <span class='ocr_line' id='line_1_12' title="bbox 142 2056 1173 2147; baseline 0 -20"><span class='ocrx_word' id='word_1_87' title='bbox 142 2068 239 2129; x_wconf 88' lang='lat' dir='ltr'>nolet.</span> <span class='ocrx_word' id='word_1_88' title='bbox 279 2066 307 2125; x_wconf 87' lang='lat' dir='ltr'>T</span> <span class='ocrx_word' id='word_1_89' title='bbox 311 2067 390 2126; x_wconf 83' lang='lat' dir='ltr'>alem</span> <span class='ocrx_word' id='word_1_90' title='bbox 415 2084 452 2127; x_wconf 87' lang='lat' dir='ltr'>se</span> <span class='ocrx_word' id='word_1_91' title='bbox 471 2062 802 2145; x_wconf 76' lang='lat' dir='ltr'>praebebit,jtulioem,¹</span> <span class='ocrx_word' id='word_1_92' title='bbox 833 2065 958 2147; x_wconf 82' lang='lat' dir='ltr'>qualem</span> <span class='ocrx_word' id='word_1_93' title='bbox 979 2066 1044 2127; x_wconf 79' lang='lat' dir='ltr'>lues</span> <span class='ocrx_word' id='word_1_94' title='bbox 1068 2056 1173 2129; x_wconf 67' lang='lat' dir='ltr'>causas</span> 
     </span>
     <span class='ocr_line' id='line_1_13' title="bbox 143 2162 1162 2255; baseline -0.004 -26"><span class='ocrx_word' id='word_1_95' title='bbox 143 2167 273 2246; x_wconf 76' lang='lat' dir='ltr'>expetit.</span> <span class='ocrx_word' id='word_1_96' title='bbox 312 2163 399 2246; x_wconf 83' lang='lat' dir='ltr'>Quid</span> <span class='ocrx_word' id='word_1_97' title='bbox 412 2163 502 2247; x_wconf 86' lang='lat' dir='ltr'>quod</span> <span class='ocrx_word' id='word_1_98' title='bbox 516 2162 727 2255; x_wconf 71' lang='lat' dir='ltr'>ualentissimae</span> <span class='ocrx_word' id='word_1_99' title='bbox 742 2163 795 2229; x_wconf 82' lang='lat' dir='ltr'>isti</span> <span class='ocrx_word' id='word_1_100' title='bbox 809 2164 921 2229; x_wconf 82' lang='lat' dir='ltr'>iratum</span> <span class='ocrx_word' id='word_1_101' title='bbox 936 2186 1005 2241; x_wconf 79' lang='lat' dir='ltr'>esse</span> <span class='ocrx_word' id='word_1_102' title='bbox 1017 2166 1162 2252; x_wconf 73' lang='lat' dir='ltr'>constat?</span> 
     </span>
     <span class='ocr_line' id='line_1_14' title="bbox 142 2260 1161 2348; baseline 0.002 -21"><span class='ocrx_word' id='word_1_103' title='bbox 142 2266 241 2348; x_wconf 84' lang='lat' dir='ltr'>Quod</span> <span class='ocrx_word' id='word_1_104' title='bbox 260 2286 322 2347; x_wconf 79' lang='lat' dir='ltr'>ego</span> <span class='ocrx_word' id='word_1_105' title='bbox 342 2264 486 2331; x_wconf 82' lang='lat' dir='ltr'>futurum</span> <span class='ocrx_word' id='word_1_106' title='bbox 501 2260 565 2345; x_wconf 78' lang='lat' dir='ltr'>jum</span> <span class='ocrx_word' id='word_1_107' title='bbox 579 2264 683 2329; x_wconf 80' lang='lat' dir='ltr'>statim</span> <span class='ocrx_word' id='word_1_108' title='bbox 697 2263 834 2337; x_wconf 67' lang='lat' dir='ltr'>admisto</span> <span class='ocrx_word' id='word_1_109' title='bbox 851 2264 1020 2345; x_wconf 82' lang='lat' dir='ltr'>parricidio</span> <span class='ocrx_word' id='word_1_110' title='bbox 1040 2265 1161 2329; x_wconf 81' lang='lat' dir='ltr'>monui.</span> 
     </span>
     <span class='ocr_line' id='line_1_15' title="bbox 141 2365 1160 2446; baseline -0.003 -17"><span class='ocrx_word' id='word_1_111' title='bbox 141 2369 221 2429; x_wconf 85' lang='lat' dir='ltr'>Nam</span> <span class='ocrx_word' id='word_1_112' title='bbox 240 2365 290 2443; x_wconf 61' lang='lat' dir='ltr'>”l</span> <span class='ocrx_word' id='word_1_113' title='bbox 307 2388 376 2429; x_wconf 84' lang='lat' dir='ltr'>eam</span> <span class='ocrx_word' id='word_1_114' title='bbox 391 2365 528 2441; x_wconf 77' lang='lat' dir='ltr'>sciebam</span> <span class='ocrx_word' id='word_1_115' title='bbox 545 2386 615 2430; x_wconf 72' lang='lat' dir='ltr'>esse</span> <span class='ocrx_word' id='word_1_116' title='bbox 638 2376 801 2440; x_wconf 84' lang='lat' dir='ltr'>naturam,</span> <span class='ocrx_word' id='word_1_117' title='bbox 828 2376 865 2429; x_wconf 87' lang='lat' dir='ltr'>ut</span> <span class='ocrx_word' id='word_1_118' title='bbox 883 2386 950 2428; x_wconf 91' lang='lat' dir='ltr'>uon</span> <span class='ocrx_word' id='word_1_119' title='bbox 967 2376 1074 2446; x_wconf 83' lang='lat' dir='ltr'>posset</span> <span class='ocrx_word' id='word_1_120' title='bbox 1094 2386 1160 2427; x_wconf 90' lang='lat' dir='ltr'>non</span> 
     </span>
     <span class='ocr_line' id='line_1_16' title="bbox 141 2464 1160 2542; baseline -0.002 -13"><span class='ocrx_word' id='word_1_121' title='bbox 141 2466 332 2542; x_wconf 73' lang='lat' dir='ltr'>familiariter</span> <span class='ocrx_word' id='word_1_122' title='bbox 350 2465 508 2541; x_wconf 85' lang='lat' dir='ltr'>misereri,</span> <span class='ocrx_word' id='word_1_123' title='bbox 530 2464 664 2539; x_wconf 79' lang='lat' dir='ltr'>infelicis</span> <span class='ocrx_word' id='word_1_124' title='bbox 673 2464 744 2542; x_wconf 52' lang='grc' dir='ltr'>Ψ)</span> <span class='ocrx_word' id='word_1_125' title='bbox 765 2486 872 2540; x_wconf 72' lang='lat' dir='ltr'>castis,</span> <span class='ocrx_word' id='word_1_126' title='bbox 889 2477 921 2528; x_wconf 92' lang='lat' dir='ltr'>et</span> <span class='ocrx_word' id='word_1_127' title='bbox 934 2464 1018 2542; x_wconf 73' lang='lat'>³)</span> <span class='ocrx_word' id='word_1_128' title='bbox 1030 2465 1160 2528; x_wconf 87' lang='lat' dir='ltr'>atrocis·</span> 
     </span>
     <span class='ocr_line' id='line_1_17' title="bbox 141 2564 1159 2649; baseline -0.003 -20"><span class='ocrx_word' id='word_1_129' title='bbox 141 2569 253 2631; x_wconf 86' lang='lat' dir='ltr'>simum</span> <span class='ocrx_word' id='word_1_130' title='bbox 262 2579 345 2649; x_wconf 64' lang='lat' dir='ltr'>most</span> <span class='ocrx_word' id='word_1_131' title='bbox 367 2578 457 2629; x_wconf 86' lang='lat' dir='ltr'>natos</span> <span class='ocrx_word' id='word_1_132' title='bbox 478 2565 620 2629; x_wconf 81' lang='lat' dir='ltr'>homines</span> <span class='ocrx_word' id='word_1_133' title='bbox 637 2564 759 2627; x_wconf 82' lang='lat' dir='ltr'>facinus</span> <span class='ocrx_word' id='word_1_134' title='bbox 779 2566 1021 2629; x_wconf 87' lang='lat' dir='ltr'>commotissime</span> <span class='ocrx_word' id='word_1_135' title='bbox 1042 2565 1159 2627; x_wconf 87' lang='lat' dir='ltr'>odisse.</span> 
     </span>
     <span class='ocr_line' id='line_1_18' title="bbox 142 2663 1159 2748; baseline -0.001 -19"><span class='ocrx_word' id='word_1_136' title='bbox 142 2669 248 2748; x_wconf 81' lang='lat' dir='ltr'>Quare</span> <span class='ocrx_word' id='word_1_137' title='bbox 259 2666 336 2731; x_wconf 83' lang='lat' dir='ltr'>nihil</span> <span class='ocrx_word' id='word_1_138' title='bbox 347 2667 450 2729; x_wconf 84' lang='lat' dir='ltr'>minus</span> <span class='ocrx_word' id='word_1_139' title='bbox 462 2664 616 2745; x_wconf 78' lang='lat' dir='ltr'>suspicor,</span> <span class='ocrx_word' id='word_1_140' title='bbox 630 2665 813 2747; x_wconf 81' lang='lat' dir='ltr'>quamlore‚</span> <span class='ocrx_word' id='word_1_141' title='bbox 825 2676 926 2727; x_wconf 79' lang='lat' dir='ltr'>utuos</span> <span class='ocrx_word' id='word_1_142' title='bbox 933 2663 967 2725; x_wconf 92' lang='lat' dir='ltr'>in</span> <span class='ocrx_word' id='word_1_143' title='bbox 973 2664 1063 2725; x_wconf 90' lang='lat' dir='ltr'>tantis</span> <span class='ocrx_word' id='word_1_144' title='bbox 1070 2667 1159 2728; x_wconf 84' lang='lat' dir='ltr'>malis</span> 
     </span>
     <span class='ocr_line' id='line_1_19' title="bbox 140 2760 1156 2847; baseline 0 -19"><span class='ocrx_word' id='word_1_145' title='bbox 140 2768 252 2831; x_wconf 81' lang='lat' dir='ltr'>solatio</span> <span class='ocrx_word' id='word_1_146' title='bbox 268 2766 384 2847; x_wconf 82' lang='lat' dir='ltr'>dignos</span> <span class='ocrx_word' id='word_1_147' title='bbox 400 2786 470 2827; x_wconf 89' lang='lat' dir='ltr'>nou</span> <span class='ocrx_word' id='word_1_148' title='bbox 492 2775 600 2844; x_wconf 86' lang='lat' dir='ltr'>putet,</span> <span class='ocrx_word' id='word_1_149' title='bbox 632 2764 726 2827; x_wconf 86' lang='lat' dir='ltr'>istum</span> <span class='ocrx_word' id='word_1_150' title='bbox 752 2775 837 2825; x_wconf 85' lang='lat' dir='ltr'>tanto</span> <span class='ocrx_word' id='word_1_151' title='bbox 862 2763 996 2826; x_wconf 86' lang='lat' dir='ltr'>admisso</span> <span class='ocrx_word' id='word_1_152' title='bbox 1020 2760 1156 2841; x_wconf 85' lang='lat' dir='ltr'>scelere,</span> 
     </span>
     <span class='ocr_line' id='line_1_20' title="bbox 140 2860 1157 2947; baseline -0.001 -19"><span class='ocrx_word' id='word_1_153' title='bbox 140 2863 294 2947; x_wconf 84' lang='lat' dir='ltr'>supplicio</span> <span class='ocrx_word' id='word_1_154' title='bbox 324 2860 464 2927; x_wconf 76' lang='lat' dir='ltr'>subtrahi</span> <span class='ocrx_word' id='word_1_155' title='bbox 493 2861 584 2945; x_wconf 86' lang='lat' dir='ltr'>sinat.</span> <span class='ocrx_word' id='word_1_156' title='bbox 640 2865 717 2944; x_wconf 80' lang='lat' dir='ltr'>Qun</span> <span class='ocrx_word' id='word_1_157' title='bbox 745 2861 946 2939; x_wconf 84' lang='lat' dir='ltr'>hujusmodi,</span> <span class='ocrx_word' id='word_1_158' title='bbox 981 2864 1100 2926; x_wconf 86' lang='lat' dir='ltr'>etiamsi</span> <span class='ocrx_word' id='word_1_159' title='bbox 1124 2865 1157 2927; x_wconf 90' lang='lat' dir='ltr'>in</span> 
     </span>
     <span class='ocr_line' id='line_1_21' title="bbox 140 2962 1157 3045; baseline -0.001 -19"><span class='ocrx_word' id='word_1_160' title='bbox 140 2976 279 3027; x_wconf 89' lang='lat' dir='ltr'>nostram</span> <span class='ocrx_word' id='word_1_161' title='bbox 300 2984 388 3045; x_wconf 79' lang='lat' dir='ltr'>spem</span> <span class='ocrx_word' id='word_1_162' title='bbox 407 2984 473 3024; x_wconf 90' lang='lat' dir='ltr'>nou</span> <span class='ocrx_word' id='word_1_163' title='bbox 494 2963 657 3038; x_wconf 82' lang='lat' dir='ltr'>caderent,</span> <span class='ocrx_word' id='word_1_164' title='bbox 688 2983 794 3044; x_wconf 88' lang='lat' dir='ltr'>neque</span> <span class='ocrx_word' id='word_1_165' title='bbox 819 2962 903 3027; x_wconf 87' lang='lat' dir='ltr'>aliud</span> <span class='ocrx_word' id='word_1_166' title='bbox 927 2962 1051 3027; x_wconf 88' lang='lat' dir='ltr'>aliunde</span> <span class='ocrx_word' id='word_1_167' title='bbox 1075 2967 1157 3027; x_wconf 88' lang='lat' dir='ltr'>sola·</span> 
     </span>
     <span class='ocr_line' id='line_1_22' title="bbox 141 3062 1154 3145; baseline 0.002 -21"><span class='ocrx_word' id='word_1_168' title='bbox 141 3065 218 3126; x_wconf 88' lang='lat' dir='ltr'>tium</span> <span class='ocrx_word' id='word_1_169' title='bbox 241 3063 299 3125; x_wconf 90' lang='lat' dir='ltr'>tibi</span> <span class='ocrx_word' id='word_1_170' title='bbox 325 3062 525 3145; x_wconf 86' lang='lat' dir='ltr'>propositum</span> <span class='ocrx_word' id='word_1_171' title='bbox 543 3075 644 3138; x_wconf 83' lang='lat' dir='ltr'>esset,</span> <span class='ocrx_word' id='word_1_172' title='bbox 678 3073 781 3125; x_wconf 90' lang='lat' dir='ltr'>tamen</span> <span class='ocrx_word' id='word_1_173' title='bbox 799 3064 977 3128; x_wconf 78' lang='lat' dir='ltr'>meminisse</span> <span class='ocrx_word' id='word_1_174' title='bbox 1004 3065 1154 3139; x_wconf 83' lang='lat' dir='ltr'>deberes,</span> 
     </span>
     <span class='ocr_line' id='line_1_23' title="bbox 140 3162 1155 3246; baseline 0.002 -22"><span class='ocrx_word' id='word_1_175' title='bbox 140 3162 243 3225; x_wconf 76' lang='lat' dir='ltr'>virum</span> <span class='ocrx_word' id='word_1_176' title='bbox 262 3186 336 3227; x_wconf 87' lang='lat' dir='ltr'>esse·</span> <span class='ocrx_word' id='word_1_177' title='bbox 347 3175 396 3239; x_wconf 84' lang='lat' dir='ltr'>te,</span> <span class='ocrx_word' id='word_1_178' title='bbox 419 3176 452 3226; x_wconf 89' lang='lat' dir='ltr'>et</span> <span class='ocrx_word' id='word_1_179' title='bbox 470 3164 502 3226; x_wconf 88' lang='lat' dir='ltr'>id</span> <span class='ocrx_word' id='word_1_180' title='bbox 518 3162 703 3235; x_wconf 77' lang='lat' dir='ltr'>ferendum,</span> <span class='ocrx_word' id='word_1_181' title='bbox 725 3164 814 3245; x_wconf 86' lang='lat' dir='ltr'>quod</span> <span class='ocrx_word' id='word_1_182' title='bbox 831 3164 943 3227; x_wconf 90' lang='lat' dir='ltr'>mutari</span> <span class='ocrx_word' id='word_1_183' title='bbox 957 3185 1023 3225; x_wconf 88' lang='lat' dir='ltr'>non</span> <span class='ocrx_word' id='word_1_184' title='bbox 1040 3177 1155 3246; x_wconf 82' lang='lat' dir='ltr'>potest.</span> 
     </span>
     <span class='ocr_line' id='line_1_24' title="bbox 142 3262 1156 3344; baseline -0.001 -16"><span class='ocrx_word' id='word_1_185' title='bbox 142 3267 184 3328; x_wconf 79' lang='lat' dir='ltr'>At</span> <span class='ocrx_word' id='word_1_186' title='bbox 201 3276 274 3327; x_wconf 91' lang='lat' dir='ltr'>suut</span> <span class='ocrx_word' id='word_1_187' title='bbox 296 3266 401 3328; x_wconf 89' lang='lat' dir='ltr'>omuia</span> <span class='ocrx_word' id='word_1_188' title='bbox 420 3264 488 3344; x_wconf 86' lang='lat' dir='ltr'>spei</span> <span class='ocrx_word' id='word_1_189' title='bbox 508 3266 613 3344; x_wconf 87' lang='lat' dir='ltr'>plena.</span> <span class='ocrx_word' id='word_1_190' title='bbox 663 3262 776 3325; x_wconf 85' lang='lat' dir='ltr'>Omnia</span> <span class='ocrx_word' id='word_1_191' title='bbox 799 3264 1045 3326; x_wconf 85' lang='lat' dir='ltr'>consolationem</span> <span class='ocrx_word' id='word_1_192' title='bbox 1068 3266 1156 3327; x_wconf 84' lang='lat' dir='ltr'>adse-</span> 
     </span>
     <span class='ocr_line' id='line_1_25' title="bbox 140 3362 1172 3445; baseline -0.007 -19"><span class='ocrx_word' id='word_1_193' title='bbox 140 3377 225 3427; x_wconf 82' lang='lat' dir='ltr'>runt.</span> <span class='ocrx_word' id='word_1_194' title='bbox 273 3367 474 3444; x_wconf 73' lang='lat' dir='ltr'>Quamuuque</span> <span class='ocrx_word' id='word_1_195' title='bbox 496 3369 526 3424; x_wconf 87' lang='lat' dir='ltr'>te</span> <span class='ocrx_word' id='word_1_196' title='bbox 550 3373 672 3436; x_wconf 87' lang='lat' dir='ltr'>vertas,</span> <span class='ocrx_word' id='word_1_197' title='bbox 694 3362 814 3445; x_wconf 80' lang='lat' dir='ltr'>aliquid</span> <span class='ocrx_word' id='word_1_198' title='bbox 836 3366 965 3426; x_wconf 85' lang='lat' dir='ltr'>resultat</span> <span class='ocrx_word' id='word_1_199' title='bbox 984 3363 1047 3425; x_wconf 89' lang='lat' dir='ltr'>tuis</span> <span class='ocrx_word' id='word_1_200' title='bbox 1070 3363 1172 3429; x_wconf 80' lang='lat' dir='ltr'>votis.</span> 
     </span>
     <span class='ocr_line' id='line_1_26' title="bbox 142 3460 1158 3543; baseline 0.001 -18"><span class='ocrx_word' id='word_1_201' title='bbox 142 3475 398 3525; x_wconf 84' lang='lat' dir='ltr'>cousentaneum.</span> <span class='ocrx_word' id='word_1_202' title='bbox 436 3463 539 3542; x_wconf 80' lang='lat' dir='ltr'>Quam</span> <span class='ocrx_word' id='word_1_203' title='bbox 553 3472 656 3525; x_wconf 87' lang='lat' dir='ltr'>autern</span> <span class='ocrx_word' id='word_1_204' title='bbox 667 3463 804 3525; x_wconf 79' lang='lat' dir='ltr'>excitare</span> <span class='ocrx_word' id='word_1_205' title='bbox 815 3463 876 3524; x_wconf 85' lang='lat' dir='ltr'>hoc</span> <span class='ocrx_word' id='word_1_206' title='bbox 887 3472 918 3522; x_wconf 91' lang='lat' dir='ltr'>te</span> <span class='ocrx_word' id='word_1_207' title='bbox 934 3460 1044 3530; x_wconf 74' lang='lat' dir='ltr'>debet,</span> <span class='ocrx_word' id='word_1_208' title='bbox 1066 3466 1158 3543; x_wconf 85' lang='lat' dir='ltr'>quod</span> 
     </span>
     <span class='ocr_line' id='line_1_27' title="bbox 141 3561 1154 3644; baseline 0 -20"><span class='ocrx_word' id='word_1_209' title='bbox 141 3564 174 3624; x_wconf 91' lang='lat' dir='ltr'>in</span> <span class='ocrx_word' id='word_1_210' title='bbox 195 3563 281 3623; x_wconf 91' lang='lat' dir='ltr'>omui</span> <span class='ocrx_word' id='word_1_211' title='bbox 302 3563 358 3626; x_wconf 88' lang='lat' dir='ltr'>iste</span> <span class='ocrx_word' id='word_1_212' title='bbox 378 3561 491 3634; x_wconf 83' lang='lat' dir='ltr'>ordine</span> <span class='ocrx_word' id='word_1_213' title='bbox 508 3563 675 3644; x_wconf 84' lang='lat' dir='ltr'>despectus</span> <span class='ocrx_word' id='word_1_214' title='bbox 693 3561 762 3624; x_wconf 87' lang='lat' dir='ltr'>est?</span> <span class='ocrx_word' id='word_1_215' title='bbox 789 3564 890 3624; x_wconf 88' lang='lat' dir='ltr'>Nemo</span> <span class='ocrx_word' id='word_1_216' title='bbox 908 3562 1034 3636; x_wconf 84' lang='lat' dir='ltr'>salutat,</span> <span class='ocrx_word' id='word_1_217' title='bbox 1058 3582 1154 3624; x_wconf 88' lang='lat' dir='ltr'>nemo</span> 
     </span>
     <span class='ocr_line' id='line_1_28' title="bbox 140 3661 1155 3739; baseline 0.002 -17"><span class='ocrx_word' id='word_1_218' title='bbox 140 3662 333 3726; x_wconf 76' lang='lat' dir='ltr'>familiariter</span> <span class='ocrx_word' id='word_1_219' title='bbox 348 3663 484 3733; x_wconf 72' lang='lat' dir='ltr'>coinsert.</span> <span class='ocrx_word' id='word_1_220' title='bbox 504 3662 622 3725; x_wconf 87' lang='lat' dir='ltr'>Omnes</span> <span class='ocrx_word' id='word_1_221' title='bbox 632 3662 816 3736; x_wconf 84' lang='lat' dir='ltr'>abhorrent,</span> <span class='ocrx_word' id='word_1_222' title='bbox 837 3684 873 3722; x_wconf 84' lang='lat' dir='ltr'>ae</span> <span class='ocrx_word' id='word_1_223' title='bbox 887 3661 1037 3739; x_wconf 71' lang='lat' dir='ltr'>in*****)</span> <span class='ocrx_word' id='word_1_224' title='bbox 1053 3663 1155 3725; x_wconf 85' lang='lat' dir='ltr'>notui·</span> 
     </span>
     <span class='ocr_line' id='line_1_29' title="bbox 140 3759 1154 3844; baseline 0.001 -22"><span class='ocrx_word' id='word_1_225' title='bbox 140 3762 188 3823; x_wconf 91' lang='lat' dir='ltr'>nis</span> <span class='ocrx_word' id='word_1_226' title='bbox 218 3782 350 3844; x_wconf 71' lang='lat' dir='ltr'>tutoque</span> <span class='ocrx_word' id='word_1_227' title='bbox 375 3759 468 3841; x_wconf 84' lang='lat' dir='ltr'>hujus</span> <span class='ocrx_word' id='word_1_228' title='bbox 497 3761 794 3824; x_wconf 84' lang='lat' dir='ltr'>commemoratione</span> <span class='ocrx_word' id='word_1_229' title='bbox 829 3760 1012 3825; x_wconf 82' lang='lat' dir='ltr'>subsistunt.</span> <span class='ocrx_word' id='word_1_230' title='bbox 1066 3761 1154 3825; x_wconf 91' lang='lat' dir='ltr'>Con-</span> 
     </span>
     <span class='ocr_line' id='line_1_30' title="bbox 141 3860 1168 3945; baseline 0.003 -26"><span class='ocrx_word' id='word_1_231' title='bbox 141 3871 280 3940; x_wconf 77' lang='lat' dir='ltr'>spretum</span> <span class='ocrx_word' id='word_1_232' title='bbox 313 3873 461 3945; x_wconf 84' lang='lat' dir='ltr'>tanquam</span> <span class='ocrx_word' id='word_1_233' title='bbox 493 3862 663 3943; x_wconf 87' lang='lat' dir='ltr'>pessimum</span> <span class='ocrx_word' id='word_1_234' title='bbox 695 3860 826 3942; x_wconf 70' lang='lat' dir='ltr'>alirurod</span> <span class='ocrx_word' id='word_1_235' title='bbox 858 3881 953 3923; x_wconf 89' lang='lat' dir='ltr'>omen</span> <span class='ocrx_word' id='word_1_236' title='bbox 985 3860 1168 3941; x_wconf 53' lang='lat' dir='ltr'>accipiunt„</span> 
     </span>
     <span class='ocr_line' id='line_1_31' title="bbox 142 3960 1153 4042; baseline -0.001 -18"><span class='ocrx_word' id='word_1_237' title='bbox 142 3962 259 4024; x_wconf 84' lang='lat' dir='ltr'>Omnes</span> <span class='ocrx_word' id='word_1_238' title='bbox 285 3960 317 4022; x_wconf 89' lang='lat' dir='ltr'>in</span> <span class='ocrx_word' id='word_1_239' title='bbox 341 3961 427 4024; x_wconf 90' lang='lat' dir='ltr'>illum</span> <span class='ocrx_word' id='word_1_240' title='bbox 446 3973 605 4042; x_wconf 87' lang='lat' dir='ltr'>expuunt,</span> <span class='ocrx_word' id='word_1_241' title='bbox 639 3982 748 4023; x_wconf 91' lang='lat' dir='ltr'>omues</span> <span class='ocrx_word' id='word_1_242' title='bbox 769 3962 978 4036; x_wconf 85' lang='lat' dir='ltr'>detestantur,</span> <span class='ocrx_word' id='word_1_243' title='bbox 1009 3983 1045 4022; x_wconf 88' lang='lat' dir='ltr'>ac</span> <span class='ocrx_word' id='word_1_244' title='bbox 1065 3965 1153 4024; x_wconf 85' lang='lat' dir='ltr'>velut</span> 
     </span>
     <span class='ocr_line' id='line_1_32' title="bbox 140 4058 1153 4143; baseline 0.001 -21"><span class='ocrx_word' id='word_1_245' title='bbox 140 4058 318 4122; x_wconf 74' lang='lat' dir='ltr'>execrabile</span> <span class='ocrx_word' id='word_1_246' title='bbox 340 4062 499 4143; x_wconf 83' lang='lat' dir='ltr'>quoddam</span> <span class='ocrx_word' id='word_1_247' title='bbox 513 4062 641 4134; x_wconf 83' lang='lat' dir='ltr'>malum,</span> <span class='ocrx_word' id='word_1_248' title='bbox 660 4072 750 4122; x_wconf 82' lang='lat' dir='ltr'>extra</span> <span class='ocrx_word' id='word_1_249' title='bbox 769 4063 846 4124; x_wconf 83' lang='lat' dir='ltr'>fines</span> <span class='ocrx_word' id='word_1_250' title='bbox 864 4063 1003 4131; x_wconf 76' lang='lat' dir='ltr'>humanae</span> <span class='ocrx_word' id='word_1_251' title='bbox 1018 4080 1153 4123; x_wconf 82' lang='lat' dir='ltr'>conver·</span> 
     </span>
     <span class='ocr_line' id='line_1_33' title="bbox 140 4157 1152 4244; baseline 0.003 -24"><span class='ocrx_word' id='word_1_252' title='bbox 140 4160 283 4235; x_wconf 85' lang='lat' dir='ltr'>satiunis‚</span> <span class='ocrx_word' id='word_1_253' title='bbox 304 4160 553 4242; x_wconf 87' lang='lat' dir='ltr'>proturbandum</span> <span class='ocrx_word' id='word_1_254' title='bbox 563 4157 714 4239; x_wconf 82' lang='lat' dir='ltr'>judicant.</span> <span class='ocrx_word' id='word_1_255' title='bbox 750 4162 857 4244; x_wconf 86' lang='lat' dir='ltr'>Atque</span> <span class='ocrx_word' id='word_1_256' title='bbox 869 4161 933 4223; x_wconf 88' lang='lat' dir='ltr'>luec</span> <span class='ocrx_word' id='word_1_257' title='bbox 953 4182 1020 4243; x_wconf 83' lang='lat' dir='ltr'>quae</span> <span class='ocrx_word' id='word_1_258' title='bbox 1035 4159 1152 4236; x_wconf 86' lang='lat' dir='ltr'>scribo,</span> 
     </span>
    </p>
   </div>
   <div class='ocr_carea' id='block_1_3' title="bbox 139 4306 332 4323">
    <p class='ocr_par' dir='ltr' id='par_1_3' title="bbox 139 4306 332 4323">
     <span class='ocr_line' id='line_1_34' title="bbox 139 4306 332 4323; baseline 0.005 -1"><span class='ocrx_word' id='word_1_259' title='bbox 139 4306 332 4323; x_wconf 66' lang='lat' dir='ltr'>——n——ann</span> 
     </span>
    </p>
   </div>
   <div class='ocr_carea' id='block_1_4' title="bbox 175 4405 1153 4560">
    <p class='ocr_par' dir='ltr' id='par_1_4' title="bbox 175 4405 1153 4560">
     <span class='ocr_line' id='line_1_35' title="bbox 175 4405 1153 4475; baseline 0.007 -17"><span class='ocrx_word' id='word_1_260' title='bbox 175 4418 201 4464; x_wconf 76' lang='lat' dir='ltr'>*l</span> <span class='ocrx_word' id='word_1_261' title='bbox 219 4416 331 4468; x_wconf 75' lang='lat' dir='ltr'>Propter.</span> <span class='ocrx_word' id='word_1_262' title='bbox 350 4417 454 4469; x_wconf 75' lang='lat' dir='ltr'>propter,</span> <span class='ocrx_word' id='word_1_263' title='bbox 489 4406 532 4468; x_wconf 55' lang='lat'>¹⁸¹)</span> <span class='ocrx_word' id='word_1_264' title='bbox 550 4419 623 4462; x_wconf 83' lang='lat' dir='ltr'>Nam.</span> <span class='ocrx_word' id='word_1_265' title='bbox 648 4416 717 4475; x_wconf 84' lang='lat' dir='ltr'>quod.</span> <span class='ocrx_word' id='word_1_266' title='bbox 753 4405 813 4469; x_wconf 58' lang='lat' dir='ltr'>m)</span> <span class='ocrx_word' id='word_1_267' title='bbox 830 4416 951 4468; x_wconf 76' lang='lat' dir='ltr'>iufellris.</span> <span class='ocrx_word' id='word_1_268' title='bbox 978 4415 1049 4470; x_wconf 71' lang='lat' dir='ltr'>luunt</span> <span class='ocrx_word' id='word_1_269' title='bbox 1067 4415 1153 4467; x_wconf 73' lang='lat' dir='ltr'>raum</span> 
     </span>
     <span class='ocr_line' id='line_1_36' title="bbox 176 4489 881 4560; baseline 0.009 -18"><span class='ocrx_word' id='word_1_270' title='bbox 176 4490 252 4550; x_wconf 52' lang='grc' dir='ltr'>ω’)</span> <span class='ocrx_word' id='word_1_271' title='bbox 272 4505 313 4556; x_wconf 82' lang='lat' dir='ltr'>et,</span> <span class='ocrx_word' id='word_1_272' title='bbox 334 4500 359 4542; x_wconf 89' lang='lat' dir='ltr'>et</span> <span class='ocrx_word' id='word_1_273' title='bbox 376 4497 441 4544; x_wconf 89' lang='lat' dir='ltr'>illud.</span> <span class='ocrx_word' id='word_1_274' title='bbox 477 4489 568 4560; x_wconf 55' lang='grc' dir='ltr'>μΜ)</span> <span class='ocrx_word' id='word_1_275' title='bbox 587 4501 647 4548; x_wconf 80' lang='lat' dir='ltr'>ruth</span> <span class='ocrx_word' id='word_1_276' title='bbox 664 4514 691 4548; x_wconf 81' lang='lat' dir='ltr'>as</span> <span class='ocrx_word' id='word_1_277' title='bbox 709 4504 735 4546; x_wconf 81' lang='lat' dir='ltr'>la</span> <span class='ocrx_word' id='word_1_278' title='bbox 752 4502 881 4558; x_wconf 70' lang='lat' dir='ltr'>belgelltrt.</span> 
     </span>
    </p>
   </div>
   <div class='ocr_carea' id='block_1_5' title="bbox 0 0 1316 5108">
    <p class='ocr_par' dir='ltr' id='par_1_5' title="bbox 0 0 1316 5108">
     <span class='ocr_line' id='line_1_37' title="bbox 0 0 1316 5108; baseline 0 3"><span class='ocrx_word' id='word_1_279' title='bbox 0 0 1316 5108; x_wconf 95' lang='lat' dir='ltr'> </span> 
     </span>
    </p>
   </div>
  </div>
 </body>
</html>
