2810 4722
506 431 635 548 omn
661 473 839 550 Secunde
1116 484 1185 554 ωε

170 664 258 746 Quin
272 664 359 728 istud
375 663 524 739 aboletir,
557 665 740 748 Principes!
776 665 897 730 ordinis
914 671 1011 734 veatri
1028 671 1185 748 dedecuit,

169 764 330 827 hominem
352 766 437 826 omni
454 765 558 831 bellua
576 765 810 842 monartiorem,
840 768 926 832 omni
941 769 1011 834 ferd
1028 772 1185 834 truculen-

169 865 304 940 tiorem,
331 863 388 948 qui
403 883 513 927 omnes
527 876 677 942 tyrannos
697 864 814 930 savina
830 869 1006 946 superarit,
1031 871 1186 950 proditio·

170 983 271 1038 ncm‚·
290 985 326 1026 ac
343 963 508 1044 perfidiam
530 963 606 1028 huic
626 965 748 1029 nationi
769 966 906 1042 ita-vexit,
941 967 1049 1051 quiin
1069 969 1185 1032 amicoa

171 1072 205 1125 et
222 1064 404 1144 proximos,
435 1064 570 1129 insuam
589 1063 759 1148 coniugem
777 1066 863 1128 omui
878 1066 973 1130 animi
989 1087 1027 1130 ac
1041 1068 1185 1148 corporis

170 1163 291 1226 decore
312 1165 444 1250 egregie
459 1167 612 1240 dotatam,
639 1164 731 1245 cuitu
749 1163 934 1230 claritudine
950 1185 1038 1232 auam
1057 1168 1186 1232 domum

167 1262 395 1340 illustrarent,
432 1285 474 1327 ex
500 1286 563 1349 qam
586 1285 621 1328 ae
642 1263 748 1330 liberie
774 1279 922 1342 auxerat,
954 1287 993 1330 aa
1018 1268 1184 1343 exercuit,

168 1385 239 1448 quae
261 1365 294 1427 in
310 1367 432 1428 hortem
453 1385 549 1428 ucmo
573 1366 727 1443 velatu).
770 1369 874 1445 ouen
899 1387 962 1450 ego
986 1366 1122 1448 primum
1143 1387 1186 1430 ex

166 1466 230 1526 hoc
256 1465 368 1528 ordine
396 1465 589 1529 Germanum
613 1476 710 1546 puto,
738 1465 794 1551 qui
820 1486 856 1528 ae
882 1466 1022 1532 externit
1040 1465 1185 1549 proha-ia,
1233 1523 1235 1528 ,

169 1575 203 1624 et
227 1563 337 1646 ignota
358 1564 447 1645 priua
474 1565 548 1629 ltuic
577 1557 698 1628 nationi
721 1565 916 1648 turpitudine
942 1566 1184 1632 commaculzlrit.

168 1661 233 1726 Sed
258 1663 350 1726 nimia
377 1685 479 1745 prope
505 1664 641 1740 aoccaai,
676 1685 694 1728 a
721 1687 784 1748 qua
808 1687 860 1729 me
885 1666 1190 1734 commemoratione

168 1763 275 1844 pudor
300 1777 443 1829 revocat.
495 1765 550 1827 llle
579 1783 657 1826 vero
684 1763 761 1848 quid
785 1763 880 1828 faciei
906 1766 1021 1841 iratam,
1062 1777 1115 1829 aut
1143 1787 1186 1829 ex

171 1881 261 1926 causa
280 1875 475 1939 commotus,
496 1884 568 1936 cum
586 1865 652 1928 hacc
670 1864 819 1948 quietus?
843 1865 909 1930 Aut
929 1885 999 1948 que
1018 1865 1186 1928 adversum

169 1973 321 2026 nocentes
340 1965 529 2039 conmittet,
565 1961 621 2048 qui
645 1963 830 2029 innocenter
855 1965 901 2027 aic
926 1961 1091 2029 tractavit?
1122 1961 1186 2026 Cui

171 2075 275 2136 autem
304 2061 417 2124 sceleri
447 2083 512 2124 non
533 2063 679 2146 accinget
704 2083 792 2140 scae,
831 2082 872 2126 ea
902 2061 995 2126 tantia
1024 2059 1185 2126 maleficiis

169 2160 386 2244 impunitatem
404 2163 648 2246 consequutus?
692 2163 758 2224 Vel
789 2179 930 2244 unquam
958 2160 1099 2225 mitescet
1128 2163 1187 2224 hac

168 2261 266 2328 aemel
278 2261 442 2326 atrocitate
454 2261 592 2326 imbutus
603 2261 620 2324 ’ἒ
647 2263 713 2327 Aut
728 2271 838 2343 suapte
849 2273 960 2324 natura
972 2259 1013 2325 ad
1022 2261 1186 2332 saltitatem

167 2359 404 2442 instingueturl
431 2360 495 2426 Cui
506 2375 620 2426 autem
637 2383 711 2445 epea
729 2373 778 2428 eat
797 2360 916 2446 aliquid
928 2361 1057 2443 posthae
1074 2359 1185 2426 melina

168 2469 224 2520 aut
241 2459 411 2538 iacturum,
444 2473 499 2526 aut
516 2461 742 2546 cogitaturum,
770 2461 827 2546 qui
857 2461 891 2526 iu
915 2470 1059 2528 omremo
1079 2461 1186 2526 aalutia

167 2577 233 2621 auae
253 2557 430 2626 discrimine
449 2572 512 2626 tam
530 2571 675 2642 repertur
694 2572 743 2626 art
759 2560 871 2638 ferox,
892 2573 954 2628 tam
970 2562 1128 2639 immam,
1149 2585 1186 2628 ac

166 2657 330 2738 perditur,
372 2671 405 2722 et
443 2660 499 2743 qui
528 2658 623 2742 hujus
658 2672 745 2724 metu
781 2660 893 2741 judicii
930 2661 1086 2728 contineri
1118 2685 1185 2727 non

164 2760 287 2840 potuit,
319 2779 395 2822 eum
414 2780 568 2837 vacuum,
600 2772 632 2822 et
651 2781 788 2825 excurro
813 2762 920 2844 legum
938 2781 975 2822 ac
992 2760 1185 2839 judiciorum

165 2855 244 2942 jugo
265 2861 307 2922 ad
325 2859 538 2922 mansuetiora
556 2860 771 2926 traducturum
790 2881 861 2927 ocae
879 2860 1060 2926 confiditis?
1079 2862 1184 2926 Venia

166 2962 270 3021 autc'm
301 2957 417 3040 ilignae
443 2960 566 3024 censeri
590 2981 657 3024 non
677 2963 790 3038 debet,
821 2961 877 3047 qui
902 2982 1009 3047 neque
1033 2981 1075 3026 ex
1093 2983 1185 3026 more

165 3059 260 3137 petit,
279 3057 433 3141 nequeai
453 3070 557 3138 petat,
576 3077 718 3144 unquam
735 3061 855 3146 aliquid
872 3061 950 3126 fecit
969 3061 1061 3138 boni,
1095 3064 1185 3147 quod

163 3157 216 3230 ω’)
236 3179 306 3220 eam
327 3157 369 3220 illi
399 3155 531 3240 gratiam
559 3160 723 3235 conciliet,
766 3181 836 3244 qua
853 3223 855 3234 ,
871 3163 924 3224 vel
948 3164 1020 3226 leve
1055 3163 1185 3246 aliquod

169 3254 279 3318 odium
311 3256 519 3345 restinguan-
548 3258 671 3326 Contra
702 3270 825 3334 autem,
868 3261 1008 3346 omnium
1034 3263 1184 3343 profecto

166 3352 274 3437 quiin
295 3356 463 3420 Germania
481 3357 527 3421 roi
546 3358 623 3422 lacti
641 3357 853 3433 sanetum,
873 3360 990 3436 cardea,
1010 3361 1183 3436 latrocinia,

164 3466 197 3518 et
217 3455 341 3540 reliqua
359 3457 513 3542 ingenus
526 3456 658 3540 flagitia,
678 3476 715 3520 ac
726 3455 859 3538 pessima
879 3475 1017 3540 qumque
1031 3457 1183 3536 facinora,

165 3557 265 3639 siquis
284 3558 376 3622 simul
394 3571 490 3637 ponat
508 3559 591 3622 inira
609 3555 699 3620 iatius
717 3553 832 3620 delicta
850 3566 953 3618 crunt.
991 3556 1060 3619 Jam
1077 3557 1110 3618 in
1123 3561 1185 3620 hoc

166 3656 307 3724 omnium
345 3658 440 3722 animi
473 3657 691 3732 comendam,
721 3654 874 3720 ,omnium
910 3655 1119 3737 populorum,
1148 3673 1186 3716 ac

165 3755 330 3821 nationum
350 3757 469 3840 judicia
495 3754 709 3833 conveniunt,
745 3756 866 3822 nullum
893 3774 963 3820 erae
988 3752 1189 3838 profligarint

198 3984 340 4052 Ἵππη,
378 3997 513 4044 uramur.
571 3983 617 4054 ”l
633 3991 765 4046 antclrctt
788 3991 847 4042 tect
871 4012 907 4027 -
928 3992 992 4051 qaod
1019 3990 1059 4040 alu
1077 3991 1185 4054 zaram,

95 4119 99 4125 .
200 4077 352 4126 aulaaarllch.
