2822 4724
260 447 305 515 32
478 444 482 452 '
684 433 858 538 Epistola.
898 531 901 537 y

260 637 419 718 Tuncque
437 653 508 696 cum
529 632 675 694 occidere
692 646 833 713 pararet,
854 655 914 698 nec
931 636 1037 711 wiltu,
1056 657 1116 700 nec
1135 636 1279 701 oratione

258 737 437 798 immutatus
469 733 653 795 amicissime
687 735 864 815 appellavit,
913 737 1055 799 Proinde
1093 759 1175 821 nega
1204 760 1279 820 pro-

258 836 372 917 pitium
398 832 428 912 *)
456 854 526 897 esse
556 835 847 910 miserrumum,
888 836 943 897 ubi
981 837 1147 919 intelligis,
1180 861 1278 922 quan-

256 949 323 998 tum
364 937 398 998 in
427 939 507 998 hanc
541 941 667 1014 gentem
702 933 833 997 licentiee
869 937 942 999 huic
978 939 1181 1022 sanguinario
1210 961 1280 1019 per-

256 1037 408 1100 miserint.
464 1036 565 1116 Cujus
600 1036 745 1098 atrocitas
784 1037 934 1112 sceleris,
974 1059 1045 1100 cum
1080 1040 1135 1100 rix
1172 1041 1280 1102 triduo

255 1136 410 1218 majorem
445 1137 619 1198 Germaniae
653 1148 775 1218 partem
805 1140 1001 1219 pervaserit,
1041 1141 1185 1204 dubitare
1213 1163 1281 1202 non

255 1259 406 1318 possum,
446 1249 544 1298 totam
571 1255 639 1300 rem
666 1247 700 1299 ut
735 1249 823 1319 gesta
848 1251 911 1313 est,
956 1241 1013 1300 tibi
1044 1240 1114 1302 istic
1147 1265 1281 1324 quoqne

256 1338 441 1400 innotuisse.
487 1341 554 1400 Nos
583 1359 625 1417 err
654 1335 756 1400 officio
790 1360 826 1400 ac
855 1339 970 1418 pietate
996 1339 1194 1401 interemtum
1224 1342 1280 1400 dc-

254 1439 447 1516 plorarimus
481 1437 637 1512 carmine,
678 1439 767 1520 quod
797 1439 836 1499 ad
865 1450 896 1500 te
924 1439 1034 1513 mitto,
1072 1439 1143 1512 tati,
1186 1442 1279 1520 <prate

254 1538 452 1602 moestissimo
481 1549 624 1618 tempore
645 1538 741 1600 condi
761 1560 778 1599 a
800 1559 850 1599 mc
872 1537 986 1619 potuit.
1026 1538 1189 1602 Debebam
1217 1541 1279 1602 hoc

177 1707 181 1720 ,
254 1639 381 1720 juvenis
398 1638 596 1702 innocentiae.
636 1639 798 1701 Debcbam
816 1642 910 1717 patris
933 1637 1013 1701 illius
1026 1637 1182 1702 immensae
1202 1660 1280 1722 erga

254 1761 304 1802 me
324 1739 529 1822 benignitati,
564 1759 625 1801 nec
647 1737 750 1800 minus
778 1747 986 1800 Huttenorum
1011 1738 1151 1812 nomini,
1186 1737 1280 1818 cujus

254 1851 315 1902 tam
334 1841 466 1922 insignis
486 1843 548 1904 hoc
566 1841 684 1901 scelere
706 1846 903 1915 contemptus
921 1846 969 1898 est
989 1838 1146 1922 qrraesitus.
1180 1840 1279 1901 Forte

254 1942 343 2022 cupis
370 1941 452 2004 scire
481 1940 559 2024 quid
586 1949 714 2021 agatur,
752 1949 783 1998 et
802 1959 877 1999 num
899 1959 961 2022 qua
980 1939 1059 2001 ultio
1081 1953 1220 2022 paretur.
1242 1979 1278 1991 -

251 2030 338 2106 'Nihil
361 2043 409 2116 ua)
433 2041 545 2104 habe0.
600 2042 679 2101 Nam
713 2041 886 2102 conventui
913 2041 1059 2120 proxime
1081 2041 1188 2103 habito
1212 2059 1278 2102 non

252 2143 401 2218 interfui,
428 2163 534 2226 neque
553 2143 579 2204 si
599 2141 677 2224 quid
695 2141 824 2204 habeam
844 2140 938 2222 hujus
959 2141 1084 2224 generis
1103 2139 1277 2202 viatoribus

253 2246 450 2308 committere
481 2244 591 2308 ausim.
636 2245 710 2303 Hoc
738 2263 803 2304 non
828 2245 926 2303 sinam
951 2243 1098 2324 ignorare
1123 2252 1170 2316 te,
1207 2241 1280 2300 uni-

252 2367 376 2408 versam
405 2363 506 2420 prope
535 2341 754 2414 Germaniam,
791 2340 975 2422 indignitate
1003 2340 1050 2401 rei
1077 2351 1276 2413 commotam,

252 2438 487 2521 inextinguibili
531 2437 626 2518 hujus
665 2439 826 2518 parricide
862 2441 937 2501 odio
970 2441 1115 2522 flagrare.
1170 2440 1279 2518 Ipsum

251 2553 353 2602 metus
390 2551 422 2602 ct
457 2539 648 2601 conscicntia
681 2541 872 2621 praecipitem
906 2554 1012 2621 agunt.
1068 2541 1165 2622 Apud
1201 2561 1278 2600 suos

252 2639 425 2703 consistere
452 2662 519 2702 non
543 2641 647 2704 audet.
696 2641 839 2704 Accessit
866 2642 906 2702 ad
934 2640 1185 2706 Maximiliamun
1209 2639 1278 2704 Cae·

251 2761 370 2816 sarem,
399 2740 624 2822 impetraturus
643 2741 727 2804 sorte
746 2741 853 2804 delicti
872 2743 1011 2817 veniam,
1041 2765 1057 2803 a
1078 2765 1144 2825 quo
1163 2753 1278 2822 praeter

251 2865 339 2924 spem
366 2855 532 2924 acceptus,
575 2845 683 2904 nescio
714 2863 778 2926 quo
807 2865 842 2904 se
866 2843 1047 2924 proripuit,
1082 2843 1277 2905 Utmensium

250 2944 409 3024 hospitio,
450 2944 496 3004 uti
525 2942 638 3004 fertur.
689 2941 844 3004 Caesarem
876 2941 964 3022 ajunt
993 2944 1048 3004 ubi
1078 2943 1279 3006 nuntiaretur

251 3045 379 3117 adesse,
406 3065 465 3122 per
487 3041 654 3122 janitorem
680 3041 809 3122 jussisse
830 3041 981 3120 depositis
1001 3041 1093 3102 armis
1114 3042 1277 3102 accedere.

252 3144 431 3205 Prudenter
453 3141 588 3222 optimus
608 3141 762 3222 Princeps
790 3163 807 3202 a
833 3142 958 3204 furioso
986 3143 1161 3226 glailiatore
1186 3142 1278 3202 saluti

250 3265 313 3305 suc
345 3243 437 3305 cavit.
487 3245 567 3304 Nem
598 3242 653 3325 qui
686 3253 777 3303 tantae
808 3242 1016 3317 innocentiae,
1050 3255 1177 3325 tamque
1204 3263 1278 3322 per·

250 3356 366 3426 spectac
382 3343 547 3424 probitatis
568 3343 686 3423 optime
706 3345 746 3406 de
767 3363 800 3404 se
821 3344 967 3405 meritum
987 3343 1162 3417 hominem,
1193 3344 1278 3403 nulia

248 3445 465 3508 intercedente
486 3447 625 3520 offensa,
651 3444 899 3507 crudelissimum
920 3444 951 3505 in
971 3445 1101 3505 modum
1121 3440 1275 3518 enecavit,

248 3546 275 3608 is
299 3548 350 3606 rel
378 3547 541 3610 aCresare
567 3543 594 3608 si
623 3568 695 3607 cum
720 3546 808 3607 ferro
835 3543 1031 3619 admittatur,
1060 3566 1170 3606 manus
1200 3563 1276 3604 eon·
1356 3607 1364 3622 ⁸

247 3647 385 3708 tinebit?
410 3659 465 3712 aut
483 3648 521 3708 ab
542 3647 648 3730 aliquo
669 3645 799 3708 crimine
821 3656 1069 3723 temperaturum
1087 3657 1197 3724 putas,
1219 3641 1276 3725 qui

245 3747 307 3810 hoc
327 3769 421 3810 ausus
443 3746 507 3809 sit?
541 3746 597 3806 Me
626 3757 687 3807 tam
714 3742 809 3824 hujus
833 3745 1039 3806 lamentabilis
1066 3743 1210 3805 interitus
1237 3741 1277 3804 ad

245 3845 364 3908 luctum
383 3847 490 3908 incitat
509 3866 603 3929 quam
622 3845 808 3908 immodicus
829 3846 913 3910 senis
931 3845 1024 3908 dolor
1044 3845 1083 3906 ad
1103 3856 1276 3906 extremam

246 3965 349 4029 usque
367 3947 521 4009 tristitiam
536 3946 693 4028 perducit.
731 3942 797 4010 Scis
814 3957 850 4006 ut
867 3967 908 4008 cx
927 3957 1065 4030 quatuor
1082 3943 1152 4008 tiliis
1162 3990 1172 4024 ,
1193 3963 1276 4030 qrios

246 4051 440 4065 ———

288 4093 316 4154 *J
331 4107 468 4158 properum
483 4125 517 4138 -·
536 4107 620 4156 Deum.
656 4099 773 4166 propitios
791 4127 824 4138 -
842 4105 918 4156 Deos.
956 4093 1000 4156 ⁸⁴}
1018 4105 1051 4154 N.
1074 4117 1096 4152 n.
