2822 4724
264 471 310 536 20
442 462 484 534 In
509 461 696 536 interitum
720 465 851 538 Joann.
880 468 926 541 de
952 469 1091 546 Hutten

263 654 362 730 Quam
380 664 430 712 tua
451 675 520 712 cum
539 659 633 713 virtue
651 675 770 730 poenam
790 660 967 732 invenisset,
1004 674 1032 718 et
1051 684 1119 722 acre

260 749 443 820 Supplicium
463 751 622 821 probitas,
652 761 679 805 et
700 769 765 822 quaa
783 763 814 806 tu
834 754 950 809 infanda
968 758 1081 814 tulisti?

261 844 308 897 nh
332 853 452 914 poteras
472 853 586 898 tantum
605 860 669 898 esse
687 844 809 901 bonus?
840 847 992 904 confidere
1012 861 1125 906 tantum

259 938 292 991 In
312 936 384 1004 diis,
413 937 442 992 in
463 937 572 1008 pietate
590 939 664 992 tua?
694 946 799 992 necte
819 940 867 993 ille
886 943 1001 1010 tyranni

257 1031 420 1086 Admonuit
439 1031 557 1098 vultus,
588 1027 820 1101 truculentoquc
839 1031 953 1088 horror
974 1036 1002 1090 in
1022 1041 1099 1094 ore?

257 1125 324 1178 Nec
342 1122 422 1177 dedit
440 1123 490 1176 ille
511 1132 610 1176 tamen
628 1123 697 1176 tanti
716 1141 778 1178 non
796 1126 876 1194 signa
896 1127 1009 1183 furoris

256 1217 338 1286 Saepe
357 1216 452 1287 prius.
490 1215 539 1269 Tu
558 1225 587 1269 te
607 1215 732 1270 illaesum
753 1219 821 1271 fore
839 1221 977 1274 moribus
995 1222 1057 1276 istis

254 1309 403 1380 sperasti,
436 1309 577 1380 quodque
600 1307 629 1362 in
648 1310 759 1364 multos
778 1311 862 1364 serus
887 1321 952 1365 ante
974 1313 1095 1380 fuisset,

254 1402 369 1473 Cuique
391 1400 481 1457 dabas
501 1401 614 1473 culpae,
643 1411 756 1456 tanturn
775 1403 858 1457 hunc
877 1403 1021 1475 deceptus
1040 1406 1170 1466 amabas.

253 1493 357 1568 Quid?
391 1496 472 1566 quod
491 1504 519 1548 te
539 1495 713 1566 oppositum
732 1495 838 1549 mediis
860 1495 889 1548 in
909 1498 1040 1552 cedibus
1058 1499 1140 1553 hosti

251 1587 313 1642 Pro
333 1587 409 1641 duce
428 1589 511 1642 nulla
531 1597 583 1646 tuo
601 1589 710 1643 vitasse
731 1588 863 1658 pericula
883 1589 1009 1645 dicunt?

250 1682 360 1750 Illum,
389 1691 438 1736 aut
456 1691 619 1736 tentantem
639 1697 774 1751 pugnas,
805 1690 852 1734 aut
870 1698 944 1752 pace
965 1684 1132 1752 fruentem,

249 1776 393 1845 Spectasti
412 1775 563 1846 propior,
594 1784 657 1828 turn
677 1787 755 1865 sappo
775 1790 790 1826 a
813 1775 895 1850 clade
915 1776 1073 1830 reductum

248 1868 377 1923 Servasti
397 1869 521 1937 infelix,
549 1877 598 1934 ut,
626 1866 676 1937 qui
698 1866 726 1917 td
745 1867 902 1936 perderet,
931 1877 1019 1924 esset.

246 1961 335 2015 Nulla
355 1961 418 2016 dies
441 1961 571 2027 sinete,
600 1959 664 2013 sine
682 1967 712 2011 te
730 1973 795 2012 nox
813 1961 892 2014 nulla
915 1961 1052 2028 videbat,

248 2059 305 2108 Aut
326 2071 454 2110 somnos
484 2061 676 2124 carpentem,
706 2059 754 2105 aut
777 2051 939 2124 quicquam
958 2053 987 2106 in
1006 2054 1098 2108 rebus
1118 2062 1276 2125 agentem

245 2147 312 2216 lpse
332 2163 454 2220 quoque
474 2149 620 2202 invictum
639 2145 695 2200 sibi
715 2155 745 2199 te
763 2144 884 2213 jactavit
905 2145 1032 2202 amicum
1042 2184 1053 2211 ,

243 2240 406 2308 Perfidus,
435 2249 464 2294 et
483 2258 590 2308 magno
610 2237 769 2293 simulabat
787 2253 892 2290 amore
912 2237 1018 2289 teneri.

244 2333 316 2386 Haec
335 2333 418 2385 fraus
438 2331 533 2400 prima
554 2331 626 2394 suit',
656 2339 685 2381 te
708 2329 839 2398 primum
859 2327 917 2379 hac
937 2335 1000 2380 arte
1020 2328 1159 2397 petebat,

245 2424 397 2498 Quodque
417 2421 508 2489 pudet
527 2420 585 2471 dici
596 2458 605 2484 ‚
634 2434 711 2485 nos,
737 2419 803 2472 lucc
821 2429 992 2474 commenta
1011 2421 1156 2491 faventes,

245 2519 343 2583 Atque
363 2513 453 2565 istum
473 2527 582 2581 cepere
602 2520 739 2581 patrem,
769 2527 867 2582 neque
888 2529 975 2566 causa
1000 2514 1120 2567 dolendi

244 2605 412 2660 Credulitas
431 2613 480 2658 tua
499 2604 565 2658 sola
584 2604 639 2656 fuit
649 2623 659 2671 ς
688 2603 873 2674 speravimus
894 2621 1017 2676 omnes,

245 2698 495 2769 Credidimusque
515 2713 632 2751 omnes.
670 2697 717 2750 Te
736 2697 886 2768 procubat
903 2715 991 2752 error
1011 2702 1039 2753 in
1062 2717 1174 2768 unum,

243 2791 282 2846 Et
300 2807 366 2863 quae
384 2791 551 2845 multorum
570 2799 634 2857 est,
667 2789 695 2841 in
715 2799 743 2842 te
764 2805 857 2843 unum
874 2806 962 2861 paena
980 2793 1106 2862 resedit,

242 2885 340 2940 Nacta
359 2901 466 2939 errore
485 2883 610 2950 locum,
638 2881 709 2952 quid
727 2882 825 2950 enim,
853 2885 933 2952 proh
950 2885 1091 2954 Jupiter!
1121 2885 1184 2941 istis

242 2978 389 3032 Moribus
408 2976 561 3044 indignum
581 2989 668 3044 poena
686 2975 801 3043 magis?
830 2975 885 3028 has
905 2992 959 3042 ego
981 2975 1121 3043 lundam,

244 3071 311 3124 Nee
330 3069 446 3138 possim
466 3068 573 3122 ulcisci
590 3067 761 3136 lacrymae?
792 3065 859 3120 haec
876 3068 1001 3121 vulnera
1019 3077 1154 3136 tangam,

244 3163 291 3216 Te
315 3163 415 3215 scelus
439 3159 610 3214 incolumi?
654 3175 752 3229 aeque
771 3159 840 3213 Diis
857 3160 1019 3231 quidquam
1039 3162 1159 3216 excidet
1176 3161 1268 3234 aequis

246 3253 312 3326 Qui
332 3253 474 3308 mercede
492 3253 556 3306 luas
577 3251 647 3305 tanti
666 3251 772 3305 delicta
790 3252 926 3307 suroris?

246 3347 316 3418 Quo
342 3355 373 3398 tu
397 3346 484 3414 igitur
508 3343 621 3398 furiose
646 3345 730 3398 nefas
755 3345 945 3398 committere
969 3347 1078 3412 ductu,

244 3439 305 3493 Aut
323 3455 382 3509 qua
403 3455 456 3509 spe
475 3440 620 3508 poteras?
649 3438 697 3491 vel
718 3453 782 3507 quae
800 3445 830 3490 te
851 3437 988 3492 immanis
1008 3437 1103 3505 adegit

245 3531 388 3602 Vipereas
407 3532 510 3585 molita
530 3546 653 3596 comas,
682 3538 710 3582 et
730 3528 858 3582 verbera
878 3529 959 3583 collo

245 3623 431 3694 Tisiphone,
466 3634 515 3678 aut
534 3622 609 3677 obiit
628 3637 718 3674 soror
738 3621 820 3674 hunc
838 3623 973 3690 Megaera
991 3621 1154 3679 laborem?

195 3765 210 3790 s
246 3715 443 3788 Quaecunque
468 3725 531 3782 est,
562 3729 628 3784 quae
648 3722 678 3766 te
697 3712 842 3768 furiarum
860 3715 907 3768 his
925 3713 1034 3768 ictibus
1055 3715 1112 3783 egit

245 3811 291 3862 Ad
310 3811 410 3864 scelus
428 3839 461 3852 —
480 3808 559 3862 haud
576 3823 709 3878 unquam
728 3807 824 3878 pejori
845 3806 1005 3861 excanduit
1023 3816 1096 3861 aestu

245 3901 279 3955 ln
298 3919 391 3970 genus
409 3903 593 3968 humanum,
622 3910 651 3954 te
669 3910 767 3955 totum
786 3900 920 3965 invertit,
951 3911 979 3954 et
997 3918 1059 3956 uno
1109 3951 1113 3960 ,

246 3993 317 4068 Quo
336 3995 432 4063 majus
450 4009 600 4062 nequeas,
630 3993 745 4046 crimen
765 3994 954 4048 committere
971 3995 1070 4063 jussit.

246 4085 295 4140 Ah
312 4097 399 4156 potes
422 4085 477 4140 hae
494 4085 608 4140 violare
625 4102 748 4157 manau,
779 4103 819 4144 ex
837 4087 926 4146 hoste
945 4088 1071 4150 salutem
