2624 5108
196 853 267 934 49⁰
576 853 837 935 Exhorutorir

196 1048 374 1113 Germanos
401 1068 470 1111 esse
495 1047 692 1114 arbitramur.
741 1052 889 1131 Quorum
908 1046 1048 1117 civilitati
1070 1058 1106 1110 ac
1127 1069 1216 1112 nran-

194 1149 372 1224 suetudiui,
392 1149 445 1211 illa
469 1149 597 1228 penitus
617 1150 781 1232 ignoratur
797 1148 929 1213 barbara
949 1148 1070 1211 feritas.
1106 1149 1149 1213 m
1164 1151 1215 1211 ille

195 1247 242 1311 sic
266 1261 357 1312 natus
383 1262 450 1325 est,
480 1249 526 1311 sic
553 1253 631 1314 altus
657 1271 694 1314 ac
719 1251 894 1324 educatus,
926 1247 972 1311 sic
998 1246 1152 1323 assuevit,
1180 1259 1216 1311 ut

195 1348 344 1423 occidat,
383 1360 419 1410 ut
452 1361 620 1432 torqueat,
659 1362 695 1412 ut
726 1348 882 1430 supplicio
914 1349 1034 1412 afficiat.
1087 1351 1219 1428 Semper

195 1450 364 1513 humanum
396 1448 504 1513 sitiens
531 1451 731 1531 sanguinem,
761 1472 886 1530 semper
911 1451 1003 1513 caedis
1030 1470 1066 1513 ae
1090 1461 1221 1513 torturec

193 1550 368 1613 tameticur.
415 1550 479 1630 Qui
506 1561 541 1612 ut
565 1551 760 1615 manifestius
787 1552 946 1627 habeatis,
978 1553 1077 1636 qualis
1096 1553 1154 1628 sit,
1188 1565 1221 1614 et

194 1671 289 1733 φιιιιιι
309 1650 374 1713 non
390 1650 513 1732 possint
527 1674 585 1732 per
602 1664 761 1728 naturam,
783 1652 810 1714 si
829 1652 926 1715 velint
941 1654 1084 1718 misereri
1098 1656 1222 1729 Turcae,

192 1750 282 1815 domi
311 1750 447 1815 invicem
481 1753 650 1818 ordiuntur
682 1753 823 1828 caedem,
862 1754 959 1816 frater
989 1754 1145 1831 fratrem,
1184 1776 1222 1817 ac

193 1851 299 1917 fratris
320 1864 373 1914 aut
393 1852 514 1916 sororis
534 1856 656 1934 prolem
676 1852 841 1928 interimit,
863 1854 919 1917 lilii
938 1867 1061 1934 patres,
1080 1878 1222 1920 rursum·

193 1973 260 2035 que
279 1964 382 2030 patres
403 1954 484 2016 lilios
506 1954 705 2016 obtruncant.
744 1954 907 2029 Breviter,
926 1958 1062 2035 patrium
1083 1958 1141 2018 illis
1161 1968 1220 2030 est,

139 2074 143 2087 ·
193 2072 236 2119 ne
266 2074 347 2135 quos
373 2053 424 2116 sui
451 2055 612 2137 sanguinis
640 2056 826 2135 superstites
852 2056 995 2117 habeant.
1040 2055 1221 2119 institutum

194 2164 244 2223 est
262 2153 346 2216 euim
367 2155 564 2230 Trimerum,
583 2166 620 2221 ut
638 2155 692 2217 eui
712 2176 846 2238 regnare
867 2155 1016 2236 contigit,
1042 2177 1168 2217 ornnem
1187 2157 1221 2217 in

194 2256 380 2321 uuiversum
396 2257 498 2320 deleat
514 2256 793 2338 propinquitatem.
824 2258 867 2319 tt
886 2255 1056 2318 rectissime
1075 2256 1221 2330 senserit,

194 2356 252 2441 qui
276 2356 373 2419 dixit:
405 2356 530 2421 felicius
558 2357 642 2437 apud
663 2359 786 2421 'l'urcas
812 2378 960 2432 servum,
993 2378 1086 2437 quam
1111 2376 1223 2433 regem

194 2457 291 2523 nasci.
329 2457 448 2538 Igitur,
469 2457 521 2520 cui
540 2468 664 2538 parcet,
686 2459 742 2540 qui
763 2479 823 2521 suo
843 2479 909 2520 non
926 2468 1036 2538 parcet
1052 2456 1221 2537 sanguini?

162 2548 249 2621 '‘aut
276 2579 372 2641 quem
397 2570 556 2623 servatum
582 2581 625 2622 ex
649 2559 794 2621 hostibus
817 2560 926 2633 vellet,
962 2557 1018 2641 qui
1038 2578 1101 2617 siue
1121 2555 1218 2628 (lomi,

194 2680 237 2723 ex
268 2680 328 2721 suo
360 2679 479 2742 genere
511 2659 589 2722 ferri
619 2658 777 2720 nemiuem
807 2659 943 2740 potest?
992 2657 1139 2738 Denique
1162 2655 1219 2717 ulli

193 2760 334 2841 sttspicio
362 2769 426 2834 est,
458 2759 565 2825 mitem
590 2758 663 2822 iore
690 2780 765 2825 eum
791 2759 962 2831 victorem,
994 2756 1046 2817 cui
1072 2776 1142 2816 cum
1171 2754 1220 2815 in-

193 2861 336 2943 genitum
357 2871 404 2922 est
424 2859 611 2925 acerrimum
627 2861 778 2925 utversus
794 2857 989 2920 Christianos
1008 2857 1133 2922 odium,
1153 2866 1221 2917 turn

194 2963 245 3023 vel
265 2961 400 3026 maximo
418 2962 523 3023 studet
543 2982 600 3023 eos
619 2961 769 3043 perdere,
793 2959 944 3042 aquibus
962 2957 1133 3038 pernicicm
1151 2958 1219 3038 ipse

194 3060 452 3142 sibiprospieit?
490 3062 585 3123 Adeo
611 3061 716 3123 omnia
741 3060 872 3123 nohisa
904 3059 1018 3120 Turcis
1047 3059 1169 3120 infensa
1188 3068 1221 3120 et

195 3162 313 3228 atrocia
330 3160 500 3227 imminent.
527 3163 643 3244 Neque
657 3182 720 3238 ego
737 3161 852 3236 sinam,
871 3158 934 3224 nisi
948 3180 998 3221 me
1012 3181 1077 3220 non
1091 3159 1220 3234 auditis,

193 3267 287 3333 ullam
299 3275 409 3345 putare
419 3284 478 3325 vos
491 3262 687 3326 humanitatis
701 3273 755 3324 aut
765 3246 960 3327 dexteritatis
973 3260 1005 3321 iu
1018 3263 1079 3321 hoo
1089 3271 1223 3339 porten-

193 3377 228 3429 to
243 3365 354 3430 micam
366 3364 517 3427 residere.
556 3362 603 3425 lta
617 3373 651 3424 ut
671 3363 697 3425 si
713 3362 837 3438 vincat,
859 3360 980 3439 (vincet
996 3371 1098 3422 autem
1118 3358 1220 3420 dubio

192 3467 322 3549 procul,
343 3464 390 3526 sie
408 3461 593 3542 expeditus,
620 3463 666 3522 sic
684 3471 809 3541 paratus
830 3472 862 3525 et
882 3459 1058 3534 exercitus,
1080 3458 1140 3519 nisi
1160 3479 1222 3520 vos

192 3563 357 3627 celerrime
376 3562 409 3624 in
428 3562 567 3624 medium
586 3560 761 3635 consulitis)
787 3572 889 3622 actum
912 3563 952 3623 dc
977 3560 1084 3634 nobis,
1115 3570 1224 3621 aetum

193 3666 236 3737 de
249 3663 401 3745 imperio,
418 3675 538 3739 actum,
552 3662 783 3743 Principes,de
798 3662 951 3741 religione
965 3670 1081 3743 putem.
1113 3659 1224 3738 Quare

193 3788 252 3829 vos
279 3765 432 3848 pervelim
456 3765 579 3848 integra
611 3766 711 3827 atllruc
736 3782 772 3824 re
800 3762 878 3845 quid
904 3760 974 3823 lieri
1000 3770 1146 3839 oporteat
1165 3759 1223 3819 de-

192 3888 335 3933 cernere.
386 3867 496 3933 Altera
524 3864 657 3947 periculi
687 3885 759 3943 pars
788 3863 869 3924 intra
898 3859 1097 3922 Germaniam
1127 3856 1222 3917 nohis

192 3972 381 4035 obversetur
404 3987 553 4050 magorum
572 3976 604 4026 et
624 3964 729 4044 ipsum
746 3963 871 4025 malum.
916 3960 1013 4038 Quod
1033 3980 1105 4019 curn
1123 3957 1224 4021 maui-

192 4071 305 4137 festius
336 4070 397 4143 sit,
430 4088 525 4151 quarn
554 4075 590 4128 ut
617 4061 763 4125 oratione
796 4058 947 4139 explicari
976 4059 1076 4132 velit,
1113 4058 1223 4137 paucis

191 4181 309 4233 tactum
333 4169 469 4241 mittam,
502 4166 528 4228 si
554 4185 612 4226 vos
637 4161 726 4245 prius
752 4179 930 4234 monuero,
960 4170 996 4220 ut
1021 4159 1103 4238 illam
1127 4157 1224 4219 tertio

194 4266 308 4329 abhinc
326 4290 409 4331 anno
425 4267 509 4346 apud
520 4254 829 4343 iiltirtenhergenses
848 4271 948 4322 ortam
967 4256 1224 4339 conjurationem

192 4363 228 4427 in
245 4367 430 4433 memoriam
447 4363 616 4427 revocetis.
657 4364 734 4443 Quae
749 4382 822 4424 cum
835 4380 877 4421 ex
893 4361 1003 4422 eadem
1024 4379 1137 4432 carisa,
1160 4380 1225 4440 qua

323 4467 499 4537 eorundem
518 4463 613 4531 alumi
631 4463 819 4539 incitantur,
839 4460 1042 4543 provenerit,
1069 4479 1106 4521 ac
1125 4459 1223 4521 unius
