2842 4738
273 411 345 494 oti
652 408 911 486 Exhortetorib

274 613 432 670 notantur.
451 598 608 684 Quocum
621 602 655 668 in
664 600 787 668 ratione
798 601 977 666 corendbns
987 599 1297 682 snbnmtiburride-

273 725 378 781 smus,
397 723 456 768 vos
464 703 534 768 sine
545 705 720 782 duce,sine
728 725 805 787 rege
815 747 824 781 ,
836 714 932 787 etque
944 703 1025 766 ideo
1032 702 1101 766 sine
1110 697 1211 781 capite
1226 699 1296 763 eri·

271 805 335 877 tis?
353 805 419 868 Αιιι
426 824 493 867 non
503 803 703 879 meministis,
718 803 866 867 nrxtnnr
880 802 1143 882 snperes‚unius
1152 800 1295 864 consitio

272 925 308 970 ec
326 903 526 986 providentio
544 903 633 967 ducis
652 913 773 986 gestes,
793 900 871 966 nihii
883 921 1023 986 unquam
1037 904 1088 965 vei
1107 923 1126 962 a
1143 901 1296 964 menimis

270 1008 339 1068 sine
358 1005 440 1068 duce
459 1003 817 1067 excrementorum
834 999 1018 1082 insipienter
1035 1001 1211 1075 monuerit,
1231 1003 1296 1084 qni

270 1105 444 1168 exercitum
462 1123 630 1166 cervorum
648 1101 755 1167 maluit
773 1105 865 1166 leone
883 1101 982 1178 duce,
1003 1119 1099 1184 quam
1113 1101 1293 1163 exercitum

267 1205 397 1270 leonum
418 1223 516 1266 cervo
533 1202 634 1280 duce,
662 1204 696 1265 id
714 1200 831 1266 scilicet
848 1196 1016 1284 repunns,
1037 1203 1071 1264 in
1097 1200 1292 1284 imperatore

268 1301 375 1380 sitsrrir,
421 1323 487 1387 quo
523 1313 641 1367 eventu
671 1321 722 1366 res
752 1313 915 1386 gerantur.
966 1302 1142 1384 Agnoscite
1173 1313 1291 1382 caput,

269 1415 380 1486 purete
398 1399 600 1484 imperatori,
631 1403 683 1466 vei
708 1401 751 1466 ob
769 1400 802 1466 id
820 1397 971 1477 maximo,
997 1401 1086 1485 quod
1105 1401 1139 1464 in
1157 1421 1216 1465 vos
1236 1400 1292 1464 iila

268 1493 396 1565 inclinet
430 1503 600 1566 nomenoio.
617 1578 625 1600 ἱ
645 1501 787 1565 Pnoindo
819 1500 950 1585 quilibet
981 1513 1122 1565 vertrurn
1149 1499 1293 1584 cogitet,

267 1611 303 1664 ut
321 1611 550 1682 nunopnestet
567 1600 671 1677 citeri,
702 1601 792 1684 quod
810 1601 877 1682 ipse
896 1597 973 1684 ribi,
994 1601 1033 1664 ed
1052 1603 1112 1664 boc
1130 1603 1291 1682 provolu-

266 1711 317 1764 tus
335 1699 496 1782 tmigtum
515 1700 654 1780 prestari
671 1702 776 1764 veliet.
813 1702 855 1763 Et
872 1720 957 1762 nnnc
976 1720 1087 1781 perere
1106 1701 1223 1779 diicat,
1250 1713 1290 1766 ut

267 1801 436 1884 aliqnando
456 1800 612 1882 imperare
629 1797 717 1864 scint.
756 1797 880 1864 Videtis
899 1798 1108 1865 ferocissimos
1123 1797 1283 1880 'redonen

265 1919 429 1984 nunquam
465 1898 521 1963 diu
558 1908 615 1963 eut
641 1897 724 1963 bene
755 1898 941 1982 imperasse,
982 1909 1092 1964 oontrn
1117 1897 1286 1982 Assyrios,

266 1999 408 2076 Medos,
426 2019 464 2062 rc
483 1999 571 2062 ilium
590 1996 761 2064 Asiaticum
780 2001 890 2062 luxum
909 2009 956 2063 tot
974 2017 1073 2062 ennon
1093 2011 1125 2062 et
1145 2003 1289 2086 egregie.

268 2098 407 2162 Tantum
425 2108 475 2162 est
491 2098 574 2163 scire
592 2097 760 2182 imperare,
793 2109 889 2183 ntque
913 2097 974 2162 hoc
994 2095 1028 2162 in
1047 2119 1087 2163 eo
1106 2099 1202 2165 situm
1220 2113 1284 2179 est,

266 2207 304 2260 ut
328 2217 441 2280 parere
467 2194 546 2262 scies
572 2219 610 2264 ec
635 2196 748 2281 possis.
786 2197 830 2264 At
854 2195 925 2282 quis
944 2219 1010 2262 non
1027 2211 1136 2282 posset
1154 2200 1288 2284 impere-

268 2291 353 2362 torio
372 2298 550 2374 beneflcio,
574 2296 709 2374 liberati,
731 2299 838 2378 justo,
858 2295 1019 2375 clementi,
1040 2309 1072 2362 et
1092 2321 1287 2388 quocunqne

267 2398 420 2460 virtutrsm
437 2393 604 2479 respicite,
631 2397 787 2488 egregio?
817 2399 926 2480 Qualis
944 2409 993 2462 est
1011 2403 1281 2473 Maximianus,

268 2498 324 2580 qui
342 2507 443 2560 ennon
461 2497 524 2579 jorn
542 2494 668 2582 triginta
688 2499 836 2580 emplius,
855 2496 1034 2578 patrimonii
1051 2497 1102 2560 sni
1119 2495 1285 2587 fructibus,

267 2596 392 2677 imperii
411 2615 510 2660 onere
536 2596 684 2674 sustinet,
715 2593 860 2661 omnibus
878 2598 1005 2661 interim
1024 2597 1109 2662 euris
1129 2597 1283 2681 agitatum

267 2695 300 2758 in
331 2697 415 2759 nulia
445 2697 632 2761 constitutus
662 2698 779 2781 quiete.
818 2699 954 2778 Οιιιιιιᾱο
979 2697 1063 2762 enim
1087 2695 1290 2782 tranquillum

268 2794 430 2860 vidimus?
464 2797 530 2884 Aut
550 2797 682 2880 qnando
702 2793 736 2860 in
757 2813 873 2860 novam
892 2797 1027 2882 ntiquom
1045 2794 1287 2869 sollicitudinem

267 2895 519 2979 precipitatum?
550 2894 634 2958 Cum
659 2915 719 2958 nos
737 2891 857 2960 intereo
876 2900 1070 2982 (prosequor
1088 2895 1173 2960 enim
1190 2899 1287 2961 seruet

267 2996 369 3058 libere
386 2973 562 3056 instiintunt
579 2995 770 3067 sonnonem)
790 3003 843 3058 eut
862 2981 1041 3061 domesticis
1055 2995 1285 3080 vobrptotibns‚

268 3103 323 3154 snt
346 3087 503 3152 intestinis
531 3090 786 3156 contentionibus
813 3115 942 3176 opetum
961 3101 1082 3162 demus.
1120 3099 1211 3181 Quos
1235 3097 1288 3160 itte

268 3189 447 3274 siquando
467 3209 509 3252 ex
530 3189 633 3254 officio
653 3191 801 3277 corripit,
820 3207 885 3262 turn
905 3217 984 3262 vcro
1004 3196 1115 3282 jugum
1134 3199 1287 3260 exclame-

267 3309 356 3365 nus,
389 3307 427 3351 nc
451 3291 636 3356 servitutem
660 3289 912 3378 interpretamur.
957 3298 1081 3363 Deinde
1109 3295 1199 3382 quasi
1222 3295 1285 3378 jem

270 3389 347 3454 iilud
372 3387 567 3456 excutiamus
597 3387 727 3476 jugum,
766 3415 802 3460 ac
841 3399 881 3462 ob
915 3398 966 3463 itta
999 3416 1059 3461 nos
1091 3396 1283 3460 vindicemus

270 3490 440 3566 servitute,
459 3487 634 3556 libertatem
652 3515 816 3573 vocemus,
836 3498 1002 3578 imperium
1019 3515 1085 3560 non
1101 3513 1286 3580 agnoscere,

269 3586 454 3670 inperatori
472 3607 541 3654 non
559 3611 687 3674 parere,
708 3595 813 3658 omnia
831 3597 959 3680 impune
978 3594 1096 3662 audere
1115 3617 1153 3662 oc
1171 3593 1285 3658 iacere.

272 3690 358 3770 Quid
378 3690 467 3774 quod
485 3690 625 3773 aliquos,
660 3709 726 3755 non
750 3690 916 3778 Principes
942 3694 1013 3763 iilos
1038 3697 1167 3783 quidem
1186 3695 1287 3780 (quod

249 3806 336 3868 .0g⁰
362 3788 470 3865 teiam)
501 3789 558 3854 ted
591 3811 632 3854 0¹
665 3789 703 3856 iis
733 3793 788 3878 qui
818 3815 853 3861 se
886 3795 1088 3879 Principibus
1122 3797 1288 3860 consulere

273 3885 399 3962 dicunt,
427 3898 540 3969 putare
565 3888 728 3969 videmur,
760 3899 938 3962 consultum
956 3893 1108 3979 irnperio,
1126 3895 1196 3960 'ubi
1214 3915 1287 3978 pos·

273 3995 365 4048 cente
391 3997 503 4052 natura
524 3981 618 4053 nobis
642 3997 914 4063 Maximttr‘anum
938 3991 1027 4064 Deus
1047 3995 1219 4080 eripuerit,
1251 4005 1289 4057 ut
