2624 5108
217 881 287 956 428
488 880 543 957 td
567 881 691 959 Herm.
717 882 765 957 de
783 880 955 955 Nuenaar

216 1095 253 1137 re
274 1084 333 1135 tam
351 1071 436 1135 nihili
456 1074 560 1136 omnia
578 1074 610 1136 ln
632 1073 866 1139 contentionem
889 1080 1130 1154 protraxerunt,
1154 1070 1229 1133 binc

217 1172 416 1233 Franciscnni
445 1171 518 1234 inde
543 1172 787 1248 praedicatores,
819 1171 1083 1255 digladiarentur,
1115 1190 1228 1250 parunt

216 1271 333 1346 obluit,
362 1282 399 1333 nt
419 1271 554 1351 ingentis
575 1272 636 1334 sibi
658 1272 730 1336 mali
747 1284 891 1335 auctores
913 1270 973 1351 ipsi
996 1281 1117 1346 essent,
1149 1290 1228 1333 eon·

214 1371 314 1433 citatis
340 1371 373 1433 in
399 1391 433 1433 se
458 1354 573 1452 passim
598 1371 774 1453 principum
802 1392 838 1433 nc
862 1371 1085 1453 episcoporum
1107 1369 1228 1433 animis.

214 1470 315 1533 Paulo
334 1471 470 1552 postilla
489 1472 598 1533 licrnse
612 1493 682 1553 quse
700 1471 816 1535 exarsit
833 1470 1057 1554 corttlsgratio,
1078 1468 1227 1533 omnibus

213 1569 444 1632 dominicalium
463 1570 657 1634 monasteriis
677 1570 761 1634 baud
780 1572 947 1633 obscurum
970 1568 1082 1637 minata
1102 1580 1150 1632 est
1168 1588 1227 1631 ex·

213 1670 339 1734 cidium.
375 1672 444 1733 Jarn
457 1692 552 1746 vero,
575 1671 664 1754 quod
679 1681 714 1737 tu
731 1670 858 1753 ignores
877 1670 979 1745 iorte,
1000 1668 1226 1751 Vitternberge

210 1771 245 1833 in
265 1770 441 1834 saxonibus
462 1773 556 1835 altera
581 1772 731 1834 advorsus
750 1770 861 1835 summi
879 1769 1034 1852 pontilicis
1056 1766 1225 1831 auetorita-

211 1880 275 1932 tem
291 1871 462 1937 insurrexit
483 1872 599 1947 lectio,
619 1875 714 1935 altera
729 1870 937 1954 indulgentias
953 1871 1077 1951 papales
1098 1868 1226 1932 adserit.

210 1968 339 2053 Magnis
361 1971 510 2061 utrinque
531 1971 695 2035 nortatibus
715 1992 765 2035 res
792 1972 906 2055 agitur.
950 1967 1077 2052 Magnis
1102 1966 1226 2031 viribus

210 2080 356 2133 certatur.
424 2072 657 2134 Montanorum
691 2073 789 2141 ductu
823 2082 927 2154 partes
962 2068 1227 2153 congrediunnrr.

162 2192 165 2199 ·
209 2169 276 2250 lpsi
293 2171 390 2233 duces
412 2172 550 2248 strenui,
582 2174 802 2246 vehementes,
831 2169 995 2244 concitati,
1028 2172 1145 2231 alacres
1163 2168 1226 2229 cla·

208 2281 313 2346 murt,
343 2272 575 2347 vociferantur,
608 2276 733 2354 plorant
753 2292 980 2359 nonnumquam
1006 2282 1039 2333 et
1063 2270 1226 2333 romanam

207 2371 361 2435 incusant.
405 2370 583 2437 Novissime
604 2372 644 2434 ad
668 2372 868 2436 scribendum
888 2391 1020 2455 quoque
1038 2367 1226 2451 adjecermrt

208 2471 338 2535 animos.
376 2472 507 2543 Factum
523 2472 657 2539 librariis
679 2472 851 2556 negotium.
893 2472 1084 2534 Venduutur
1102 2490 1225 2552 propo·

208 2570 355 2649 sitiones,
398 2573 577 2650 corollaria,
619 2574 838 2637 conclusiones
871 2585 902 2636 et
933 2572 975 2635 illi
1003 2571 1107 2635 multis
1139 2591 1223 2651 sape

209 2672 334 2737 exitiosi
367 2673 500 2743 articuli.
556 2674 607 2743 sie
637 2694 731 2756 spero
769 2678 840 2751 flet,
877 2686 912 2737 ut
941 2672 1041 2739 mutui
1077 2670 1221 2734 interitus

207 2794 314 2837 causas
344 2774 405 2836 sibi
440 2773 574 2839 invicem
605 2775 773 2854 prebeant.
830 2775 900 2854 lpse
929 2774 969 2835 de
996 2773 1058 2835 hoe
1089 2769 1223 2853 negotio

207 2895 310 2954 nuper
330 2875 432 2941 lactus
457 2875 590 2952 certior,
626 2896 643 2942 a
670 2876 807 2959 quodam
826 2894 867 2936 ex
890 2873 1057 2948 iratribus,
1096 2874 1157 2936 hoc
1176 2870 1222 2933 illi

206 2975 374 3056 respondi:
405 2977 598 3052 consumite,
630 2987 666 3039 ut
691 2973 914 3042 consumamini
938 2973 1082 3036 invicem.
1133 2973 1222 3053 Opto

206 3075 308 3151 enim,
343 3087 382 3139 ut
411 3097 505 3160 quam
531 3077 665 3145 maxime
692 3076 861 3143 dissideant
887 3073 1004 3136 inimici
1031 3072 1149 3149 nostri,
1188 3081 1223 3135 et

205 3175 449 3261 pertinacissime
469 3197 503 3241 se
525 3188 698 3241 conterant.
744 3180 793 3241 Ac
817 3174 896 3244 iaxit
920 3174 1009 3239 Deus
1033 3174 1108 3254 Opt.
1130 3173 1222 3236 Max.

204 3288 241 3340 ut
256 3277 409 3341 inteream
428 3288 460 3339 et
474 3277 682 3354 emoriantur,
704 3276 759 3360 qui
776 3274 977 3359 surgentibus
993 3271 1219 3355 impedimento

205 3389 278 3440 sunt
295 3377 410 3441 literis:
438 3398 504 3461 quo
520 3377 688 3460 aliquando
705 3389 888 3442 enascantur
903 3376 976 3438 viva
996 3375 1219 3457 pulcherrima·

204 3496 274 3540 rum
296 3475 466 3552 virtutum,
496 3498 565 3560 quae
582 3476 673 3540 toties
690 3478 740 3541 isti
754 3486 935 3551 conterunt,
962 3473 1121 3555 plantaria.
1160 3476 1217 3537 'l'u

203 3573 261 3635 tibi
285 3573 438 3651 consiste,
465 3596 571 3642 comes
595 3578 801 3653 nobilissime,
832 3588 928 3663 teque
952 3577 1112 3643 condnua.
1155 3576 1216 3637 Me

204 3673 332 3758 quidem
358 3675 391 3738 in
417 3698 527 3741 omnes
555 3689 686 3745 eventus
718 3677 845 3745 habebis
877 3688 910 3739 et
941 3675 1154 3756 periculorum
1185 3685 1217 3735 et

201 3776 317 3840 laboris
338 3777 469 3846 socium.
520 3780 698 3848 Traducam
722 3779 846 3844 interim
863 3778 903 3840 ad
924 3787 1028 3859 partes
1048 3795 1216 3858 ‹piosquos

201 3877 235 3941 in
253 3879 430 3961 principum
448 3879 525 3951 aulis
549 3892 638 3961 aptos
657 3900 727 3944 esse
748 3879 869 3942 videro.
909 3879 972 3941 Sed
991 3888 1023 3938 et
1045 3875 1109 3953 jam
1129 3894 1217 3936 niune

200 3980 288 4043 multi
318 3979 393 4044 clari
423 3980 484 4044 viri
512 3980 678 4047 nobiscum
704 3980 833 4049 faciunt,
883 3979 1009 4061 Quippe
1041 3980 1217 4056 Copnr'onis

201 4098 325 4145 eausam
342 4081 503 4163 potensin
519 4102 575 4146 sua
594 4081 720 4143 civitate
744 4091 850 4143 tuetur
865 4079 950 4159 apud
967 4077 1218 4159 norimbergen-

200 4201 251 4246 ses
280 4192 458 4251 Butbsldus
475 4192 695 4260 Pirltlteimer,
745 4181 893 4261 Augustae
927 4189 1153 4261 Pousinqsrus,
1183 4176 1219 4237 in

199 4285 371 4349 Pannoniis
391 4296 423 4348 et
444 4284 577 4347 Vienna
598 4293 828 4365 emptntanus,
855 4291 990 4364 uterque
1011 4278 1124 4360 opibus
1143 4279 1216 4358 pol-

198 4386 265 4447 lens
279 4404 316 4448 ee
332 4385 511 4449 eruditione
528 4385 719 4464 splendidus.
758 4383 889 4446 Faciunt
903 4382 1004 4458 idern,
1024 4380 1081 4463 qui
1094 4388 1218 4443 Maxi,

198 4492 332 4553 milicem
351 4482 469 4553 cassi
487 4503 505 4547 a
520 4484 657 4552 comdiis
681 4495 770 4560 stult,
798 4502 930 4565 magnus
948 4480 999 4545 vir
1019 4487 1161 4547 Jacobus
1177 4490 1218 4545 de
