2624 5108
228 861 297 929 522
489 851 746 925 Exhortatona
768 848 806 923 in
832 849 980 923 Tuscae.

221 1043 370 1127 frugibus
388 1042 486 1125 megia
504 1041 646 1104 desertus
663 1039 694 1116 *)
717 1051 766 1103 est
783 1061 905 1118 annus,
936 1051 1023 1105 tento
1041 1043 1137 1126 magis
1154 1042 1243 1107 bello

222 1143 340 1211 amicus
358 1143 408 1205 sit.
439 1140 576 1210 Unicum
587 1141 692 1224 itaque
705 1141 844 1203 levandae
858 1161 989 1204 annone
1003 1143 1167 1217 consilium
1180 1157 1240 1219 est,

223 1243 302 1307 loris
328 1240 443 1304 bellum
470 1260 601 1324 gerere,
631 1259 698 1322 quo
718 1252 810 1304 exeat
830 1239 999 1322 juventus,
1026 1254 1062 1307 ut
1081 1244 1241 1308 minuatur

224 1343 309 1405 domi
338 1339 513 1404 multitudo.
563 1338 705 1405 monde
735 1359 865 1422 operam
890 1362 950 1407 vos
975 1342 1052 1405 dare
1078 1345 1240 1420 convenit,

223 1464 263 1506 uc
278 1440 466 1504 seditionem
478 1439 586 1502 induat
596 1439 773 1510 Germania.
813 1437 922 1516 Nem)
943 1441 977 1506 in
995 1453 1130 1519 vestras,
1149 1464 1191 1504 ne
1206 1443 1242 1505 in

222 1542 355 1604 oliorum
375 1537 591 1620 possessiones
611 1537 745 1620 impetus
759 1540 822 1602 fiat.
859 1538 986 1616 Ne***)
1009 1543 1084 1604 dum
1107 1543 1242 1622 opimam

220 1638 301 1704 loris
320 1637 507 1721 negligimus
526 1637 679 1720 predam,
700 1637 786 1702 domi
803 1659 954 1720 cogamur
968 1661 1028 1721 pro
1046 1642 1244 1723 patrimoniis

224 1738 362 1815 noenu,
390 1737 544 1800 intestinis
562 1737 757 1801 commisceri
776 1740 921 1807 cedibus.
955 1743 1022 1804 Nec
1042 1753 1182 1818 tantum,
1200 1764 1243 1806 ne

173 1856 179 1861 ’
223 1845 281 1906 ista
298 1843 390 1916 fiant,
417 1840 474 1902 sed
492 1846 524 1899 et
542 1858 582 1899 ne
601 1838 726 1903 interim
743 1838 905 1902 discordie
924 1852 1038 1904 nostras
1060 1846 1241 1920 occasione,

221 1943 272 2004 ille
300 1940 333 2002 in
359 1961 417 2005 nos
437 1939 574 2003 Asiatica
600 1950 769 2019 tempestas
793 1951 882 2014 ruat,
919 1961 986 2023 quo
1009 1942 1127 2023 duplici
1154 1944 1242 2005 clade

225 2040 448 2123 opprimamur.
486 2039 567 2100 Date
593 2059 740 2120 operam,
772 2061 815 2102 ne
841 2039 896 2122 qui
923 2060 1008 2102 stunc
1031 2041 1129 2104 libere
1156 2042 1241 2106 tucri

222 2140 327 2204 omnia
351 2138 503 2219 potestis,
538 2138 619 2201 intra
645 2139 679 2200 id
706 2138 874 2202 discrimen
900 2139 1118 2216 includamini,
1151 2143 1240 2205 unde

217 2239 364 2320 expediri
391 2237 600 2302 difficillimum
626 2238 686 2312 sit,
723 2237 814 2300 facile
844 2238 878 2300 id
905 2238 1110 2320 prestabitis,
1149 2243 1239 2304 nullo

220 2351 327 2402 vestro
347 2337 566 2413 incommodo,
586 2337 670 2399 nulla
684 2339 843 2414 molestia,
863 2338 889 2403 si
907 2341 1082 2403 concordes
1100 2340 1237 2418 fueritis,

222 2439 250 2501 si
278 2438 498 2520 imperatorem
522 2437 707 2521 agnoscatis.
753 2439 839 2519 Quid
862 2438 991 2502 multis?
1015 2442 1171 2503 'Tandem
1198 2443 1238 2504 de

218 2539 377 2615 libertate,
410 2538 499 2602 dorni
518 2561 536 2600 a
556 2539 669 2601 vestris
688 2539 757 2618 capi
778 2538 879 2601 velitis
900 2560 971 2601 cum
991 2541 1167 2615 dedecore,
1198 2562 1237 2602 an

221 2639 301 2703 loris
321 2636 460 2721 experiri
478 2658 549 2699 curn
569 2639 679 2720 gloria.
727 2639 839 2703 Meum
863 2640 1027 2702 consilium
1047 2651 1094 2703 est
1117 2663 1238 2719 preve-

218 2741 288 2802 nire
316 2740 443 2812 ultima,
489 2737 609 2800 emoliri
638 2759 657 2799 a
683 2739 847 2802 Germania
874 2741 1008 2815 bellum,
1045 2741 1231 2804 domesticas

219 2839 408 2919 intercipere
436 2835 625 2912 seditiones,
663 2858 850 2900 conservare
877 2838 1081 2921 dignitatem,
1117 2862 1237 2923 augere

219 2938 399 3019 imperium,
431 2937 471 2999 ad
497 2936 625 3000 divitem
651 2955 842 3000 concurrere
862 2939 1005 3017 praedam.
1053 2940 1154 3022 quue
1174 2943 1238 3001 hoe

219 3036 416 3121 potissimum
434 3048 591 3116 ternpore,
623 3039 749 3122 quando
778 3048 990 3118 opportunum
1015 3040 1147 3101 maxime
1175 3050 1236 3101 est.

218 3139 354 3219 Quando
374 3158 408 3199 se
429 3160 498 3222 qrrae
524 3138 661 3200 omnium
681 3139 930 3218 expectationem
954 3139 1066 3214 vincit,
1098 3139 1239 3201 ostendit

218 3240 352 3305 occasio.
391 3241 453 3302 Sed
471 3237 532 3319 jam
548 3239 692 3300 incitntos
710 3258 768 3299 ros
787 3238 899 3314 video,
919 3250 951 3300 et
966 3239 1127 3302 alacritatis
1145 3238 1236 3321 signu

216 3361 365 3422 agnosco.
402 3338 510 3400 Video
528 3338 645 3419 gestire
664 3338 830 3418 qrrosdtun,
852 3349 884 3399 et
901 3339 976 3403 nihil
995 3361 1086 3423 quam
1104 3340 1234 3414 bellum,

216 3441 314 3520 idque
333 3438 500 3500 confestim
520 3438 611 3498 velle.
650 3438 758 3519 Atque
777 3439 856 3499 hanc
875 3459 969 3500 unam
989 3441 1127 3503 omniurn
1144 3442 1235 3521 cogi-

214 3536 363 3599 tationem
390 3537 554 3612 existimu‚
587 3538 648 3599 huc
674 3558 781 3600 omnes
807 3537 989 3615 intendere,
1022 3541 1083 3602 hoc
1110 3540 1233 3609 conari.

214 3647 309 3719 atque
335 3635 431 3713 igitur
458 3636 490 3698 in
520 3657 717 3702 communem
743 3639 944 3701 concordiam
971 3658 1169 3719 propensos,
1201 3650 1235 3700 et

213 3757 325 3820 parere
335 3735 453 3801 Caesari
470 3749 606 3822 paratos.
626 3739 749 3820 Quibus
762 3759 780 3804 a
791 3736 918 3803 Christo
939 3738 1069 3818 Optimo
1085 3737 1229 3798 lllaxinro

213 3837 372 3918 primum,
414 3849 449 3903 ut
478 3849 658 3903 constanter
685 3838 719 3900 in
746 3839 803 3903 hac
834 3838 984 3917 opinione
1012 3849 1230 3917 perseverent,

214 3939 329 4002 deinde
362 3949 398 4001 ut
433 3939 536 4001 omnia
572 3938 631 4000 sibi
666 3936 797 4004 feliciter
834 3936 1060 4018 fortunateque
1098 3935 1236 3999 evenire

214 4040 356 4114 videant,
387 4050 419 4110 et
440 4039 527 4112 assis)
552 4038 707 4126 gaudeant
734 4055 859 4117 precor,

688 4135 775 4207 Dixi.

248 4352 278 4409 ’Δ
296 4363 426 4407 decerem:
445 4357 565 4406 advetus.
601 4342 649 4413 *¹)
665 4355 705 4400 N:
723 4366 746 4399 a.
782 4340 846 4412 m)
863 4349 959 4396 ebento.
996 4338 1074 4400 W)
1090 4354 1133 4393 et:
1152 4361 1189 4396 ar.

632 4516 835 4552 m..

629 4563 634 4584 l
