2624 5108
510 802 720 905 Cepnienia.

100 998 261 1054 Distinctae
279 1009 380 1055 vestes
389 1039 400 1071 ,
419 1007 449 1056 et
465 1000 491 1057 ai
509 1001 671 1073 pretiosius
691 1002 756 1058 iatia

100 1094 178 1150 Esse
198 1105 299 1165 potest
317 1096 447 1167 aliquid,
466 1096 594 1151 diversit
612 1107 682 1151 tune
701 1111 823 1168 quoque
842 1107 965 1169 surgent

101 1189 175 1246 Fixa
194 1189 328 1259 trophea
347 1190 444 1259 locis,
462 1189 614 1267 uictorum
632 1200 742 1245 aeterna
759 1188 887 1247 subinde

99 1282 226 1337 Virtutis
245 1291 444 1338 monumenta
463 1299 544 1352 ann,
562 1282 763 1339 memorabile
782 1299 918 1354 nomen,

101 1376 215 1431 Sentiet
232 1376 317 1445 hoe,
335 1377 476 1449 miroque
495 1377 574 1433 feret
591 1394 671 1432 nove
688 1375 792 1447 gaudia
810 1376 958 1448 Rhenus,

99 1469 141 1525 Et
158 1486 191 1524 se
210 1470 309 1524 letitie
328 1471 391 1543 ripa
407 1470 553 1526 diffundet
570 1484 716 1543 utraque,

99 1564 257 1620 Exultabit
277 1564 376 1634 agris,
397 1572 426 1620 et
444 1581 552 1636 campo
572 1564 653 1619 ludet
671 1574 775 1637 aperto
785 1578 803 1635 ,¹

101 1659 209 1735 Qualia
227 1668 311 1726 erat,
330 1675 401 1713 eum
419 1666 448 1713 te
467 1659 613 1714 reducem
631 1657 809 1714 victricibus
827 1660 918 1715 armia

100 1753 188 1809 Orbe
206 1765 366 1824 perarate,
388 1750 556 1823 victisque,
578 1762 654 1823 quot
673 1753 758 1809 orbia
776 1753 891 1809 adiaaea

99 1847 203 1902 Marte
223 1864 328 1917 aequo,
347 1845 468 1918 populis
479 1884 489 1913 ,
509 1845 625 1902 tumido
644 1847 814 1901 laetissimus
832 1864 921 1903 emue

99 1940 265 2011 Acciperet
284 1939 404 1993 domitis
423 1947 597 2008 regnantem
616 1939 726 1995 Carole
745 1938 860 2009 Gallia,

98 2034 210 2104 Deque
229 2033 287 2087 tuis
306 2032 385 2102 genti
403 2032 570 2086 tradentem
588 2033 710 2089 nomina
728 2032 850 2088 Francis
860 2075 870 2102 ,

99 2129 159 2182 Aut
178 2136 260 2181 certe
279 2142 368 2198 quam
388 2126 472 2180 laetua
491 2134 577 2193 erat,
598 2126 728 2197 patiente
746 2142 920 2199 supremam

99 2220 182 2276 Italia
204 2220 338 2287 cladem,
358 2218 449 2286 rigide
466 2217 641 2273 Fridericus
658 2219 700 2273 eb
720 2220 798 2292 Alpe

99 2314 177 2369 Cum
195 2321 435 2383 transportaret,
456 2311 622 2383 Sueviaque
647 2312 817 2384 exponeret
836 2313 916 2369 arvis

100 2406 280 2462 Terribileia
302 2404 435 2476 aquilas,
453 2414 645 2477 mortemque
667 2405 793 2461 ferentia
812 2415 908 2460 cestra

47 2536 56 2554 .
98 2498 211 2555 Sentiet
228 2501 311 2567 hoc,
330 2514 496 2569 secumque
517 2497 596 2553 later
613 2499 691 2553 feret
711 2514 798 2553 mnne
815 2498 972 2567 secundo,

96 2593 282 2651 Perculsum
304 2594 388 2647 ieros
406 2591 575 2647 tristissima
595 2590 699 2645 nuntia
717 2590 851 2648 Tureea.

95 2687 228 2742 Ultimus
246 2690 398 2743 Arctoum
415 2684 553 2743 transibit
573 2700 680 2739 rumor
697 2683 734 2738 ad
752 2683 878 2755 Albim,

97 2780 189 2854 Isque
208 2780 261 2835 tibi
279 2780 420 2850 gaudebit
437 2795 552 2848 ovans,
568 2777 757 2849 hilaremque
776 2777 903 2850 perinde

96 2874 248 2932 Ostendet
266 2875 398 2941 vultum,
417 2882 448 2929 et
465 2872 557 2945 pleno
575 2870 712 2927 iasciviet
730 2888 840 2942 amne,

94 2971 135 3023 At
153 2969 176 3021 ai
198 2963 277 3023 forte
296 2984 370 3024 suos
387 2968 498 3022 iterum
517 2973 685 3037 cognoscat
704 2965 856 3036 ottones,

97 3059 240 3115 Victores
258 3060 355 3129 Latii,
374 3059 500 3132 patriam
518 3055 709 3133 componere
728 3074 856 3130 pacem,

96 3152 221 3208 Scilicet
239 3154 349 3209 excisis
370 3151 494 3209 Venetis
512 3151 679 3211 Germania
696 3152 805 3223 ducet,

96 3246 203 3318 Longe
223 3249 313 3305 alium
333 3247 363 3301 in
381 3231 504 3301 morem
519 3246 574 3301 tibi
591 3246 804 3303 Maximiliane
821 3243 1035 3320 triumphum,

95 3340 189 3398 Nunc
206 3335 297 3397 locua'
315 3349 360 3395 eet
375 3338 487 3396 merito
507 3338 696 3411 Capnionem
713 3341 860 3398 inducere
877 3342 1002 3416 plausu,

96 3433 286 3507 Ingenioqne
304 3432 361 3487 viri
380 3433 484 3505 dignas
499 3430 681 3505 percoluere
699 3445 811 3505 pratea.

92 3527 210 3596 Ingenii
228 3528 319 3582 labor
338 3534 404 3592 cst,
422 3527 483 3581 sint
499 3526 624 3598 praemia
641 3526 728 3598 digna
745 3528 855 3588 labori.

95 3621 159 3678 Par
177 3620 277 3675 animo
298 3620 448 3675 referatur
463 3618 585 3689 honos,
610 3636 688 3674 neve
704 3619 785 3676 lanud
802 3623 842 3678 ait
857 3622 1016 3679 honorum

93 3712 249 3785 Auspiciis
268 3713 378 3768 vicisse
395 3712 455 3769 tuia
465 3752 475 3780 ‚
497 3714 563 3770 aine
580 3712 683 3767 Caesar
700 3713 803 3768 ovanti

92 3806 156 3864 Pro
176 3806 264 3861 lauro
285 3806 396 3862 molles
411 3805 535 3861 hedera
552 3804 721 3876 decerpere
738 3805 885 3876 frondea,

93 3899 278 3974 Quanquam
299 3898 388 3957 etiam
404 3898 500 3968 lauri,
519 3914 610 3972 quam
628 3906 681 3967 tn,
699 3912 771 3953 cum
787 3899 911 3969 praemia
927 3898 1045 3971 mamis

95 3994 229 4049 Confert
250 3990 392 4063 ingeniis,
408 3993 468 4049 hac
485 4003 588 4049 vatum
605 4001 746 4064 tempora
765 3990 880 4062 cingla,

93 4086 167 4143 Non
186 4089 259 4160 petit
276 4089 342 4160 ipse
359 4088 503 4161 quidem,
520 4087 575 4143 aed
591 4102 652 4144 noa
670 4084 864 4159 decerpimus
881 4080 936 4142 illi.

162 4269 254 4327 Dicat
274 4270 338 4342 Je,
360 4270 386 4327 si
405 4287 439 4330 se
457 4268 544 4331 novit
563 4269 750 4343 Germania,
770 4269 871 4340 dicat,

95 4362 256 4437 Obviaque
275 4366 394 4423 incedat
411 4384 513 4439 parete
530 4384 629 4441 prope
648 4367 760 4425 moenia
777 4364 930 4431 Phoron,

93 4460 216 4533 Quanta
235 4472 338 4534 potest
355 4477 486 4519 numero
505 4461 653 4536 capnioui
671 4464 738 4537 late
753 4474 884 4517 reverto
