2860 4732
247 453 319 529 36⁴
649 454 874 553 Triumphus

247 647 462 720 Coroliurnqne
482 656 582 718 teres,
601 645 760 703 rubicundi
779 647 892 717 insigne
912 647 1057 720 pudoris,

248 741 385 816 Qnaequu
404 741 473 797 alibi
492 742 601 797 molles
619 743 735 811 signant
752 741 911 811 gestaruinu
930 757 1033 794 mores
1044 779 1055 810 ,

247 835 304 890 llic
323 837 410 890 etiam
431 843 526 890 castas
545 834 681 889 deceant.
718 835 780 890 Sint
801 834 913 888 vertice
932 835 1014 888 nudo

249 927 282 984 ln
302 942 387 998 tergo
406 929 527 996 effusis,
546 943 624 999 quos
644 927 788 982 verberet
805 943 897 994 nura,
919 925 1046 997 capillis.

248 1019 392 1093 Pexaque
411 1021 560 1077 contortis
580 1021 770 1077 circumdent
789 1030 929 1092 tempora
947 1019 1054 1087 sertis,
1113 1073 1117 1080 ,

248 1115 313 1168 Unn
331 1130 438 1168 omnes
456 1115 486 1168 hi
506 1131 584 1168 voce
602 1122 728 1182 ornant,
752 1131 813 1169 uno
834 1131 888 1168 ore
907 1115 1086 1184 loquantur,

250 1207 349 1281 Quam
367 1207 424 1262 sibi
444 1217 621 1276 servarunt,
641 1206 795 1280 Cupnione
814 1207 992 1280 superstite,
1010 1206 1140 1260 laudem.

316 1395 409 1450 Dicat
426 1394 468 1448 Jo
478 1435 487 1462 ,
505 1395 528 1449 si
546 1410 579 1450 se
597 1396 682 1451 novit
700 1394 882 1462 Germania,
902 1393 990 1448 dicat.

247 1487 308 1542 Vix
325 1487 453 1557 melior,
475 1505 531 1542 cur
549 1487 705 1556 dieat-10,
725 1505 757 1542 se
776 1505 865 1544 carisa
885 1487 1034 1555 dedisset,

249 1583 370 1640 Caesare
388 1582 425 1637 ab
444 1581 615 1650 Euganeis,
634 1592 724 1637 nacto
743 1583 839 1653 spolia
858 1582 955 1654 ampla
974 1581 1144 1652 Tyrannio,

247 1671 340 1732 Forte
358 1683 456 1730 tamen
476 1675 602 1742 melior,
623 1675 755 1731 sednon
775 1676 917 1746 pugnavit
936 1676 964 1730 in
984 1677 1075 1730 arinis

249 1769 366 1827 Noster
382 1769 453 1835 hic,
476 1767 556 1823 haud
574 1767 687 1837 gladios
705 1767 888 1840 praelianuc
907 1768 1022 1823 robora
1042 1767 1144 1836 ferro,

249 1861 413 1936 Pugnantia
431 1871 584 1930 gestamen
604 1869 683 1928 erat,
703 1877 802 1932 neque
820 1861 933 1916 casside
953 1869 1060 1915 vertex

251 1954 425 2029 splenduit,
449 1965 478 2009 et
495 1954 594 2009 nullus
613 1951 739 2008 munivit
757 1965 881 2024 pectora
901 1953 1030 2022 thorax,

251 2049 405 2104 Certatum
424 2047 543 2120 ingenio
564 2057 625 2114 est,
645 2046 716 2101 vicit
731 2056 777 2102 tot
794 2046 885 2101 millia
902 2047 989 2101 solus
999 2087 1008 2114 ,

251 2141 358 2198 Victor
377 2143 414 2197 ab
434 2142 589 2214 oppressis
609 2141 752 2206 Venetis,
772 2139 923 2210 Galloqne
943 2141 1069 2194 subacto

253 2235 334 2290 Citra
355 2235 474 2293 Athesis
493 2235 648 2302 tumulos,
667 2243 697 2288 et
714 2241 837 2288 onustas
857 2233 988 2289 nubibus
1008 2233 1128 2304 Aipeia,

252 2327 422 2386 Terrarum
441 2328 602 2396 dominns,
623 2331 646 2383 sl
667 2329 786 2400 quando
806 2325 841 2380 ad
859 2336 929 2380 vota
948 2325 1078 2395 redibit,
1094 2319 1099 2330 '

253 2419 330 2495 Qua
348 2421 416 2476 Diis
434 2421 586 2492 persolvat
604 2421 726 2492 patriis,
748 2419 902 2488 angustior
920 2419 970 2472 ille

252 2513 380 2570 Plausus
397 2514 454 2568 erit
471 2513 595 2584 populi,
616 2525 646 2568 et
663 2531 719 2585 pro
739 2511 913 2568 conditione
934 2511 1124 2582 triumphus,

253 2606 357 2660 Altera
379 2604 450 2660 dum
469 2621 575 2661 screno
595 2607 687 2664 lucica
705 2605 781 2673 crit,
801 2605 890 2659 altera
908 2621 1046 2679 pompa,

252 2697 294 2754 Et
314 2697 498 2772 perhibenda
517 2698 614 2755 oculis
633 2699 691 2755 alio
710 2698 881 2770 spectacula
902 2697 977 2767 ritu,

253 2791 394 2860 Fulgidus
414 2791 475 2865 ipsc
496 2809 590 2860 auro,
610 2801 640 2848 et
658 2807 750 2845 curru
768 2791 905 2847 sublimis
925 2791 1064 2860 eburno,

253 2885 329 2944 Post
347 2884 477 2941 Venetas
496 2903 528 2940 se
548 2884 687 2939 ostendet
705 2899 799 2955 opes,
820 2899 958 2956 quosque
978 2885 1070 2940 Adria
1086 2885 1178 2953 longo

256 2979 432 3049 Tempore,
450 2987 495 3034 tot
513 2975 618 3047 spoliis
637 2975 822 3049 populorum
841 2977 968 3048 aggessit
986 2977 1015 3032 in
1034 2995 1148 3046 unum,

256 3069 436 3124 'l'hesauros
455 3069 566 3136 vehet,
585 3079 614 3122 et
632 3078 731 3141 raptas
749 3071 899 3142 predonis
919 3071 1011 3144 iniqui

256 3159 385 3218 Divitias
405 3161 555 3232 portabit,
573 3177 648 3232 aqna
666 3163 816 3235 terrisque
835 3165 950 3236 petitas.

257 3251 297 3308 Et
314 3252 513 3324 spoliatorum
531 3253 640 3310 misere
661 3257 837 3328 patrimonia
857 3273 979 3327 regum,

258 3345 348 3401 lbunt
366 3356 396 3401 et
413 3348 563 3404 scelerum
582 3357 704 3404 auteres
723 3349 751 3404 in
771 3349 906 3406 vestibus
925 3351 1018 3418 atris,

258 3437 342 3498 Fune
361 3439 438 3509 ligati
458 3458 587 3510 omnes,
610 3443 778 3514 vinclisque
796 3443 954 3498 tenacibus
973 3456 1100 3511 omnes,

258 3535 326 3590 Nee
344 3533 452 3604 sejam
473 3533 607 3590 Venetos
625 3537 745 3605 dicent,
765 3545 813 3590 aut
832 3551 899 3590 csse
918 3533 1081 3607 putabunt,

260 3627 360 3698 Terga
379 3637 520 3700 prement
538 3629 673 3699 equites,
693 3638 781 3700 atque
800 3627 953 3683 auxiliaria
971 3627 1063 3697 belli,

262 3719 369 3774 Turba
387 3722 519 3786 ducum,
539 3719 694 3792 ereptiquc
715 3719 827 3789 armis,
846 3729 876 3776 ct
894 3719 931 3775 ab
948 3721 1038 3777 hoste
1057 3721 1170 3793 recepti
1188 3721 1193 3728 '

262 3811 377 3884 Captivi
398 3815 499 3880 cives,
517 3811 676 3885 nitidisque
695 3816 848 3870 exercitus
868 3815 977 3886 armis,

260 3903 300 3958 Et
318 3921 384 3974 quae
402 3923 464 3961 non
482 3905 570 3959 loeus
589 3913 651 3975 est,
673 3913 709 3961 ut
723 3923 805 3963 nuno
823 3925 863 3964 ex
881 3907 986 3963 ordine
1005 3906 1102 3964 dicam
1112 3947 1122 3976 ,

262 3997 414 4052 Omnibus
433 4005 588 4065 argenmm
607 3997 790 4070 Germanis,
813 4001 955 4056 omnibns
976 4017 1081 4055 aurum

262 4088 312 4144 Ex
331 4091 428 4159 preda
447 4088 582 4158 dabitur,
599 4107 785 4166 gemmasque
804 4103 833 4148 et
850 4109 984 4166 purpura
1002 4103 1031 4147 et
1048 4099 1134 4150 ostro
