2624 5108
639 79 756 255 Ι
875 121 876 152 l

514 865 645 943 Oratio
672 866 825 960 Quarta.
1113 885 1179 954 183

152 1058 289 1125 inclusus
305 1069 444 1125 tenetur·
491 1060 541 1124 Ae
560 1060 652 1123 mitto
676 1062 807 1140 dicere,
838 1069 1006 1149 quomodo
1030 1071 1179 1137 habueris

149 1156 670 1239 muuuxorem,lronestissimsm
677 1163 855 1243 foeminam,
874 1167 1178 1257 nobilissimamque,

146 1250 316 1349 quu'erun
338 1272 427 1327 traam
449 1262 668 1327 incredibilem
696 1266 858 1343 malitiam,
890 1279 976 1331 taram
996 1292 1179 1352 perversam

145 1362 331 1439 libidinem,
364 1384 401 1426 ae
414 1358 645 1444 limpitudinem
666 1365 752 1430 ferre
772 1390 838 1431 nou
857 1381 982 1449 posset,
1010 1384 1180 1456 postquam

147 1465 184 1527 in
203 1486 274 1529 earn
295 1476 370 1527 tuos
392 1486 486 1543 canes
509 1466 724 1544 immississes,
759 1480 791 1530 et
816 1469 847 1533 ei
869 1471 955 1553 apud
977 1471 1180 1557 conjugalem

147 1570 287 1644 lectum,
306 1564 500 1657 norrsemel,
528 1579 581 1630 aut
594 1569 731 1647 iterum,
762 1571 819 1632 sed
835 1594 937 1652 saepe,
969 1592 1006 1634 ae
1019 1575 1178 1638 multoties

144 1668 350 1745 horrendum
362 1664 450 1731 im
466 1679 557 1732 tuum
572 1690 698 1745 ensem,
720 1669 860 1751 jamdum
880 1683 992 1735 uestro
1010 1674 1180 1738 rubentem

143 1764 305 1853 sanguine
325 1764 536 1847 ostendisses,
563 1771 811 1838 clarissimorum
829 1773 965 1837 lratrtun
984 1772 1017 1835 vi
1035 1794 1072 1837 ae
1086 1774 1179 1838 armis

145 1871 292 1951 adehpta
308 1868 366 1932 tibi
385 1880 443 1934 est.
483 1871 642 1935 Praeterea
663 1872 794 1955 negligo
813 1873 871 1935 alia
888 1876 999 1949 mtdta,
1020 1894 1088 1939 uon
1104 1875 1180 1959 quia

145 1994 216 2037 uon
229 1972 292 2036 sint
309 1972 471 2056 profligati
489 1973 583 2036 animi
594 1975 625 2049 ᾗ“)
645 1972 774 2054 pessimi
790 1996 915 2051 mores,
934 1976 991 2038 sed
1008 1976 1084 2059 quia
1104 1977 1180 2041 satis

144 2084 322 2155 oeeuptttus
336 2094 423 2149 mm,
442 2074 476 2135 in
489 2096 556 2137 uuo
568 2077 706 2150 scelere,
720 2077 809 2159 quod
821 2088 934 2142 nostro
947 2076 1086 2141 inaximo
1096 2081 1179 2142 malo

145 2174 307 2241 ulmitlsti.
344 2174 400 2239 Ad
418 2177 508 2259 quod
524 2177 796 2257 pertractandum,
824 2199 897 2241 euru
915 2178 971 2239 vix
989 2180 1067 2254 hoe,
1090 2180 1180 2262 quod

147 2276 238 2351 datur
250 2288 377 2359 tempus
394 2275 545 2352 sufficiat,
565 2278 714 2361 relinquo
729 2277 806 2353 ista,
827 2290 865 2340 ut
876 2279 917 2340 ab
932 2278 1000 2340 aliis
1020 2278 1176 2354 dieantur,

151 2386 184 2440 et
196 2376 232 2439 in
247 2398 386 2459 presens
403 2376 459 2440 abs
479 2388 511 2438 te
528 2397 656 2459 quero,
677 2399 749 2440 eum
767 2380 833 2440 hee
848 2378 956 2441 faeere
976 2376 1175 2454 instituisses,

151 2498 309 2561 umquam
323 2500 367 2542 ne
382 2478 440 2540 tibi
459 2476 571 2559 judieii
585 2477 699 2560 hujus,
727 2482 892 2562 uunquam
910 2476 1063 2539 liberrimi
1080 2476 1176 2558 hujus

147 2564 344 2656 conventus,
378 2577 623 2642 clarissimorum
640 2600 828 2662 procerum,
860 2598 950 2641 suam
968 2578 1175 2642 existimatio·

142 2702 219 2749 nem
244 2692 304 2743 tuo
338 2677 495 2761 supplicio
532 2680 582 2757 im)
619 2680 702 2743 tueri
729 2678 922 2756 volentium,
965 2679 1114 2742 veniebat
1143 2680 1176 2744 iu

141 2781 307 2857 mentem?
346 2776 473 2845 Deinde
504 2779 582 2844 nihil
603 2792 636 2843 te
658 2781 863 2856 admonebat,
902 2776 983 2844 illius
1012 2792 1075 2845 tam
1103 2802 1175 2863 per·

141 2894 253 2966 spreeta
274 2884 379 2957 fides,
410 2879 505 2962 hujus
526 2882 623 2962 patris
642 2884 790 2962 praeclara
811 2882 845 2946 in
867 2893 899 2945 te
917 2881 1053 2947 merita?
1090 2882 1175 2945 Nihil

139 2987 202 3049 iste
219 2983 393 3047 diuturnus
411 2984 492 3047 adeo
506 2983 696 3047 convictus?
723 2983 782 3046 ista
798 2993 846 3045 tot
867 3004 1024 3050 annorum
1037 3004 1176 3048 consue·

141 3084 251 3147 tudo?
283 3083 345 3147 ista
370 3085 416 3146 sie
443 3083 602 3158 instituta,
634 3083 679 3148 sie
698 3087 884 3148 confirmata
908 3083 1069 3149 amicitia?
1099 3084 1176 3149 nihil

142 3185 344 3250 humanus·
361 3184 467 3249 ratio?
499 3185 650 3268 Denique
668 3187 747 3260 hoe,
776 3185 866 3267 quod
882 3186 917 3247 iu
937 3197 996 3247 tuo
1013 3185 1174 3269 obsequio

142 3286 329 3349 eduxeras?
370 3286 468 3367 Quod
493 3285 591 3349 amice
621 3307 656 3348 ac
689 3287 803 3349 blande
829 3284 1069 3368 appellaveras?
1109 3284 1177 3347 Aut

143 3388 230 3453 adeo
242 3406 312 3451 ens
325 3387 473 3453 omuibus
489 3387 628 3450 insessus
642 3387 754 3463 iuriis,
776 3397 811 3450 ut
825 3407 866 3449 ue
882 3389 944 3450 hoe
958 3385 1089 3469 quidem
1098 3404 1175 3446 con-

141 3488 319 3565 siderares,
340 3490 430 3573 quod
446 3490 498 3550 vel
515 3488 542 3551 si
557 3487 610 3549 ille
627 3488 673 3549 sie
689 3488 792 3550 oeeidi
808 3488 939 3552 meritus
958 3497 1059 3563 esset,
1081 3506 1177 3569 qutun

144 3600 176 3651 te
191 3610 260 3653 non
276 3590 407 3655 deceret
428 3589 491 3652 tuis
507 3590 568 3651 hoc
582 3587 727 3651 manibus
745 3588 889 3671 exequi?
920 3590 1057 3653 Possum
1074 3587 1175 3669 igitur

145 3688 268 3775 aliquid
282 3692 357 3757 tuis¹
370 3691 503 3775 dignum
524 3689 668 3753 moribus
693 3685 811 3769 loqui?
846 3690 913 3751 Aut
934 3700 988 3766 tu,
1021 3710 1094 3753 eunt
1117 3687 1177 3751 ista

141 3790 276 3872 leeeris,
306 3791 427 3875 aliquid
444 3792 549 3855 mitius
569 3811 695 3873 speras,
722 3807 816 3871 (ptum
833 3807 893 3848 nos
914 3786 1177 3868 expostulamus?

142 3896 237 3961 Pone
257 3896 386 3959 tandem
402 3894 493 3958 istam
507 3888 730 3956 confidentiam
749 3888 854 3949 tuam!
876 3887 970 3948 Pone
985 3888 1084 3961 illam,
1105 3908 1175 3969 quse

142 4008 175 4061 te
194 3996 310 4083 erigit,
335 3999 441 4077 spem!
483 3996 526 4057 Et
548 3991 687 4072 judicio,
717 4009 753 4051 ae
770 3985 894 4071 legibus
918 3987 997 4047 eede
1014 3984 1175 4065 uobisque

141 4098 189 4163 sie
204 4109 313 4183 perte
329 4096 519 4161 contristatis
534 4114 658 4176 poenam
672 4093 729 4154 da!
752 4092 933 4171 Quousque
951 4085 1035 4147 enim
1050 4083 1174 4157 tlemus,

141 4200 252 4285 sillroe
267 4198 325 4263 tibi
338 4198 452 4264 solatio
471 4195 543 4261 est?
565 4194 630 4279 Qui
646 4193 708 4257 nisi
726 4192 773 4255 sie
785 4193 930 4274 lugentes
949 4207 1009 4252 uos
1029 4184 1173 4258 videres,

177 4430 208 4493 ⁴)
226 4442 288 4486 statt
302 4442 437 4499 proutque
455 4439 534 4484 antmt
555 4438 659 4491 pssstml
677 4450 772 4484 mores:
806 4430 967 4484 uuleserllche
984 4430 1175 4487 Verbesseuurs.

177 4516 226 4577 ”)
243 4525 336 4572 ebeuso
355 4527 429 4572 statt:
448 4531 493 4571 tuo
513 4525 641 4579 supplicio.
