2810 4722
226 441 295 534 ios
344 475 348 482 ’
456 447 507 530 in
530 445 723 528 Ulrichum'
737 447 988 554 Wirtenberg.

221 651 282 714 iste
297 647 428 723 nobilis,
448 644 524 710 olim
545 642 673 730 midam
688 664 810 720 eomes,
830 663 933 726 nuper
948 644 1073 706 medem
1086 643 1233 724 prineeps

222 751 339 824 iaetus,
360 747 418 812 sed
430 765 525 830 quam
539 767 559 807 a
575 743 825 824 suismaioribus
848 745 1099 828 degeneraverit.
1128 745 1234 825 Quare

222 850 315 914 etiam
333 847 409 910 nihii
427 865 561 919 vereor,
581 865 623 908 ne
642 863 701 907 vos
718 845 799 908 male
813 841 970 925 accipiatis
986 845 1050 908 hee
1060 843 1234 925 principes.

222 951 297 1013 Non
320 947 406 1010 enim
427 944 505 1008 illud
534 942 733 1027 propositum
758 955 822 1020 est,
863 956 900 1007 ut
921 944 1010 1009 istius
1037 943 1236 1008 damnatione

221 1060 334 1110 vestrm
346 1042 492 1128 dignitati
505 1044 679 1106 detraenam
689 1043 745 1119 sit,
765 1054 821 1106 aut
832 1045 902 1107 lassa
914 1043 1102 1108 amatissimi
1115 1043 1235 1108 ordinis

221 1145 385 1226 majestas,
411 1141 439 1206 si
451 1143 511 1208 iste
527 1141 692 1226 puniatur,
717 1145 774 1207 sed
790 1155 932 1208 vestrum
948 1145 1057 1227 potius
1072 1165 1236 1208 ornamen-

222 1259 306 1321 tum,
335 1257 368 1306 et
383 1244 511 1308 fortiter
530 1256 722 1310 conservato
740 1243 900 1326 dignitatis
925 1245 993 1309 taus
1015 1242 1181 1329 quaritur,
1208 1242 1236 1307 si

222 1367 282 1408 vos
312 1356 424 1408 eontra
451 1345 611 1410 hominem
637 1356 814 1427 potentem,
855 1341 981 1426 justitia
1010 1364 1048 1405 ae
1075 1343 1234 1419 veritatis,

222 1445 314 1509 simul
327 1443 453 1509 dosoris
470 1457 502 1509 at
517 1446 549 1521 a)
565 1444 804 1519 existimationis
820 1455 931 1509 vestrm
945 1445 1098 1507 rationem
1115 1443 1233 1507 habue-

221 1546 300 1610 ritis.
348 1547 462 1629 Neque
486 1546 513 1610 si
534 1545 593 1612 iste
618 1567 654 1610 se
677 1543 809 1628 ὥςπιιιιι
828 1545 947 1631 aliquid
969 1564 1079 1623 passus
1106 1544 1163 1619 sit,
1194 1543 1236 1606 de

220 1657 325 1709 vestra
341 1644 545 1727 amplitudine
569 1645 742 1709 detractum
766 1656 889 1728 putate,
921 1646 978 1711 sed
992 1655 1114 1708 auctam
1129 1645 1235 1726 potius

218 1745 406 1830 integritatis
420 1744 613 1827 opinionem.
651 1746 717 1808 Per
732 1765 791 1809 vos
806 1745 890 1810 enirn
903 1747 958 1808 fiet
972 1767 1013 1809 ne
1027 1745 1237 1827 pessimorum

217 1844 384 1908 eriminum
417 1844 559 1928 vestigiis
599 1856 698 1908 totam
732 1844 793 1909 iste
829 1845 1030 1910 Germaniam
1063 1843 1236 1927 imprimat,

217 1957 319 2030 etipse
340 1942 410 2025 ejus
435 1965 509 2009 casu
536 1945 769 2009 absterreantur
793 1965 811 2007 a
835 1946 956 2010 seelera
983 1967 1113 2022 omnes,
1144 1942 1237 2025 eujus

218 2043 402 2127 impunitate
416 2041 542 2109 animati
554 2057 659 2111 essent
672 2045 713 2107 ad
726 2045 861 2127 pessima
873 2047 1083 2128 perpetranda
1102 2043 1237 2128 ptarimi.

218 2146 322 2210 Multa
341 2145 461 2229 quippe
484 2158 557 2210 sunt
581 2149 717 2222 seelera,
755 2166 824 2230 qtae
847 2167 919 2209 eum
946 2147 1068 2209 oeeotte
1091 2165 1176 2207 nune
1204 2153 1237 2202 et

218 2247 351 2310 latenter
375 2246 545 2311 admodum
569 2258 712 2328 serpant,
741 2246 800 2309 ista
820 2267 879 2326 per
902 2264 961 2308 vos
981 2246 1040 2305 iata
1063 2263 1099 2304 ae
1123 2240 1238 2307 ittmtri

219 2343 300 2406 faeta
323 2345 376 2406 via
397 2347 559 2426 propriam
577 2346 720 2408 involare
737 2344 910 2409 audebunt.
958 2344 1070 2428 ltaque
1089 2361 1156 2405 uno
1174 2343 1237 2406 hoe

218 2441 357 2525 judicio,
388 2455 442 2504 aut
461 2445 501 2506 ad
520 2444 683 2508 sanitatem
704 2445 903 2526 perducetis,
935 2445 991 2529 qni
1010 2461 1094 2505 nune
1111 2453 1235 2518 errant,

217 2544 351 2615 multos,
363 2551 417 2602 aut
429 2539 623 2622 omneboni,
640 2545 782 2630 rectique
795 2543 933 2608 studium
943 2544 1138 2607 eonvefletis.
1155 2544 1234 2605 Por·

217 2661 256 2704 ro
267 2685 276 2716 ,
288 2641 371 2724 agite
383 2687 392 2717 ‚
408 2642 491 2722 apud
503 2656 631 2708 exteros
642 2645 765 2730 aliquos
774 2643 970 2723 ejuscemodi
983 2643 1077 2705 etiam
1088 2643 1235 2706 adsuetos

216 2740 321 2816 matis,
341 2740 368 2805 si
382 2741 534 2825 impunita
547 2755 651 2808 essent
663 2745 746 2822 hae,
766 2765 874 2808 nonna
887 2743 1052 2826 indignum
1067 2743 1129 2804 troo
1144 2739 1236 2803 vobis

218 2841 406 2906 videretur?
438 2845 505 2906 Nos
529 2863 608 2906 vero
637 2844 694 2928 qni
715 2857 820 2929 neque
846 2844 982 2906 vidimus
1003 2842 1082 2924 ipsi,
1117 2843 1179 2904 tete
1204 2839 1239 2901 in

219 2941 388 3004 Germania
400 2943 470 3004 fleri
482 2943 670 3026 <quiequam
688 2963 794 3026 neque
809 2943 927 3006 fretum
939 2953 1027 3005 retro
1048 2941 1236 3014 audivimus,

218 3050 251 3100 et
268 3037 301 3100 in
321 3059 460 3120 quorum
475 3051 618 3106 namram
634 3042 693 3104 ista
707 3053 770 3106 tam
784 3043 952 3107 inhumana
969 3041 1112 3103 facinora
1126 3059 1237 3102 earum

218 3155 383 3218 nunquam
398 3148 504 3219 putata
521 3151 610 3218 sunt,
643 3163 711 3206 non
726 3141 816 3217 dieo,
847 3165 911 3228 qua
932 3140 973 3205 de
989 3138 1082 3202 nohis
1102 3139 1237 3203 aliorum

218 3235 387 3316 opinione,
418 3239 507 3310 istius
528 3241 715 3322 supplicium
731 3242 945 3325 negligemus,
979 3245 1065 3320 (nant
1083 3241 1146 3303 hoe
1170 3259 1254 3301 non'

219 3335 325 3399 ferent
339 3337 489 3402 Germani
502 3345 620 3420 mores)
640 3345 701 3406 hoe
721 3343 812 3419 dieo,
841 3363 905 3428 qun
924 3361 990 3404 nnn
1007 3340 1135 3408 infamia
1153 3338 1237 3420 jndi-

218 3437 321 3500 eandn
356 3449 479 3520 tempus
523 3443 698 3508 doeemur?
743 3445 859 3507 Nonne
898 3443 962 3504 trae
994 3453 1043 3505 est
1075 3439 1238 3505 hominum

218 3537 399 3617 expectatio
415 3561 482 3624 quo
494 3540 654 3607 recentius
668 3543 767 3618 istud,
787 3563 824 3606 ae
846 3542 1022 3606 inauditnm
1037 3541 1137 3625 magis
1153 3541 1238 3624 apud

217 3657 277 3700 nos
293 3640 396 3703 seeius
418 3641 475 3716 sit,
503 3661 546 3704 eo
563 3643 704 3706 severius
722 3641 842 3724 judieio
861 3644 1118 3728 persequendum
1140 3639 1238 3704 esse?

217 3737 311 3799 Nova
328 3737 427 3820 igitur
446 3759 519 3802 eum
536 3741 654 3802 scetem
672 3739 706 3804 in
723 3740 877 3822 judicium
895 3743 1040 3818 veniant,
1064 3740 1156 3804 novis
1177 3743 1236 3802 'vos

218 3835 397 3920 ⁸¹¹P1¹¹i⁰fi⁸2
435 3847 490 3904 aut
512 3839 621 3930 atique
645 3843 753 3907 ratem
778 3842 934 3930 supplicio
971 3863 1039 3908 non
1070 3839 1238 3925 punietis?

220 3980 414 4018 nun-...q
906 3959 910 3970 '

197 4074 200 4082 '
253 4066 286 4139 ⁸)
303 4085 346 4139 at,
364 4089 401 4128 tt.
