2624 5108
508 836 638 912 Oratio
665 838 816 930 Quarta.
1095 842 1167 933 ⁸161

150 1034 200 1095 vel
216 1033 315 1106 banc,
343 1031 396 1094 v'el
416 1031 509 1092 ullam
530 1029 585 1093 abs
601 1041 633 1091 te
649 1031 869 1095 defensionem
886 1035 1042 1116 confingi,
1068 1034 1095 1098 si
1110 1035 1171 1096 hoc

142 1130 299 1214 judicium
318 1130 511 1205 contemnis,
532 1142 565 1191 et
583 1149 668 1192 arma
688 1133 800 1207 habes,
821 1134 937 1216 quibus
954 1145 984 1195 te
998 1134 1169 1196 undeunde

142 1234 322 1313 periculum
340 1230 518 1306 incumbat,
538 1232 620 1293 tueri
638 1224 783 1312 cogitas?
803 1235 845 1295 Et
864 1234 891 1294 si
904 1236 989 1295 hunc
1004 1231 1170 1308 Caesarem,

141 1334 203 1397 bos
221 1331 381 1412 principes
410 1329 588 1411 despicatui
612 1332 726 1406 babes,
764 1344 797 1396 et
819 1334 951 1395 Gallicas
976 1344 1086 1396 contra
1111 1355 1171 1398 uos

146 1444 259 1516 gentes
287 1431 429 1506 armasti,
463 1441 495 1527 ct
519 1430 685 1517 Helvetios
714 1433 857 1509 invehis,
894 1434 988 1516 quid,
1024 1433 1172 1514 iuquam,

145 1535 247 1598 verba
264 1528 361 1609 lacis,
391 1524 416 1595 si
442 1531 519 1619 nibil
540 1530 612 1609 jure
642 1533 762 1615 cogitas
784 1530 945 1609 obtinere,
978 1535 1034 1595 sed
1052 1533 1118 1596 rim
1137 1554 1173 1595 ac

145 1634 297 1717 injuriam
317 1634 408 1695 nobis
437 1633 598 1707 obvertis,
638 1635 720 1695 etsi
746 1634 821 1698 nibil
848 1614 944 1699 babes
971 1638 1174 1718 propositum

143 1736 252 1811 aliud,
293 1754 390 1818 qnam
415 1733 504 1816 qnod
532 1733 565 1794 in
590 1734 749 1797 excidium
775 1736 899 1815 patriae,
935 1758 971 1798 ac
998 1737 1175 1800 communis

144 1834 324 1901 Germartie
341 1833 515 1915 perruciem
536 1832 680 1896 recidat?
718 1836 825 1896 Homo
846 1837 1027 1918 desperate,
1058 1857 1099 1899 ac
1119 1858 1174 1899 ex·

143 1950 281 2001 tremum
300 1934 448 2016 perdite,
485 1934 531 1996 sic
555 1948 615 1995 nos
641 1947 845 1998 contemnere
872 1937 1021 2017 potuisti,
1053 1949 1089 1998 ut
1111 1937 1173 2000 tuis

144 2036 213 2104 isaia
230 2035 354 2100 auxiliis
370 2035 447 2098 satis
466 2033 656 2097 instructum
671 2046 702 2097 te
718 2035 931 2112 arbitrareris,
952 2038 1009 2122 qui
1027 2037 1174 2101 omnibus

144 2137 252 2203 omnia
274 2148 504 2219 extorqueret,
537 2155 573 2196 ac
592 2135 761 2216 eriperes?
799 2137 844 2221 At
866 2137 924 2199 tibi
950 2157 1013 2220 ego
1036 2137 1175 2200 vicissim

143 2239 243 2302 letius
268 2236 347 2301 nihil
371 2235 499 2309 orninor
523 2256 618 2318 quam
645 2238 735 2320 quod
753 2238 785 2313 ᾗ)
809 2256 967 2300 summum
983 2239 1097 2299 malum
1117 2237 1176 2299 in*

146 2339 268 2402 minere
281 2336 337 2400 tibi
352 2337 442 2400 scias.
483 2330 567 2397 Tota
580 2336 723 2420 undique
736 2336 920 2411 Germania,
942 2336 999 2418 qui
1012 2335 1175 2399 rabiosum

150 2459 260 2502 canem
285 2436 454 2512 occiderit,
494 2436 651 2516 publicam
680 2440 809 2520 gratiam
837 2435 911 2510 init,
952 2435 1073 2516 aliquot
1095 2433 1173 2496 locis

150 2538 312 2620 praemium
339 2554 471 2620 quoquc
496 2537 611 2599 refert:
648 2537 698 2598 De
725 2550 754 2598 te
779 2536 923 2598 [utinum
955 2533 1033 2617 quid
1055 2535 1173 2615 putas?

149 2642 257 2722 Quem
272 2638 331 2723 qni
344 2636 515 2713 occiderit,
536 2656 631 2719 quem
642 2634 737 2698 inisse
749 2635 896 2718 gratiam,
917 2635 1006 2717 quod
1017 2635 1172 2699 meruisse

145 2741 311 2823 menium
331 2739 509 2802 censendus
528 2737 599 2801 eet?
629 2746 704 2801 Cum
736 2753 793 2800 tua
816 2742 923 2799 rabies
952 2760 1017 2799 non
1044 2756 1082 2799 ea
1107 2749 1172 2817 sit,

147 2862 219 2931 ff
237 2866 352 2916 unm,
370 2856 428 2903 aut
446 2847 582 2903 alarum
598 2845 773 2915 hominem,
792 2852 849 2900 eut
869 2844 1003 2901 bestiam
1020 2854 1171 2903 venenate

144 2968 258 3011 morsu
275 2948 429 3021 infractum
441 2949 558 3003 reddat
565 2987 575 3015 ,
594 2947 649 3001 sed
660 2947 689 3001 is
693 2946 813 3016 furor,
833 2963 893 3020 quo
905 2942 1029 3002 sottato
1042 2944 1172 3017 publice

143 3055 303 3128 pernicies
322 3065 437 3106 aversa
461 3050 521 3115 sit,
549 3057 586 3102 ea
600 3047 801 3118 pestilentia,
830 3063 894 3119 qna
921 3047 1070 3117 depulsa,
1102 3060 1170 3105 om·

147 3156 239 3211 nim
267 3153 341 3208 eitae
352 3190 363 3221 ‚
404 3162 443 3206 cc
469 3148 620 3218 fortunis
647 3153 858 3219 prospectum.
906 3148 1009 3220 ριιαηι
1037 3147 1075 3203 oh
1104 3166 1173 3205 rem

148 3253 334 3323 &suturam
342 3258 461 3323 putas,
479 3249 534 3322 qui
546 3247 795 3317 pulcherrimum
805 3244 944 3314 facinus
956 3246 1048 3300 adire
1060 3251 1172 3304 ausit?

149 3352 215 3409 Vei
231 3352 267 3406 in
285 3359 374 3408 tanto
393 3350 556 3406 hominum
571 3363 700 3402 numero
709 3388 718 3416 ,
736 3353 783 3402 tot
791 3345 991 3416 fortissimis
1009 3348 1090 3403 viris
1106 3362 1171 3404 non

144 3436 344 3521 lamentetur,
361 3452 417 3527 qai
433 3467 483 3517 se,
500 3450 555 3522 qua·
569 3448 779 3518 patriam,
805 3448 860 3521 qui
877 3449 1017 3503 omnium
1037 3449 1171 3505 salutem

146 3553 444 3604 conservatam
471 3543 570 3599 velit?
617 3535 686 3599 lmo
705 3537 850 3601 dubitare
869 3550 978 3619 potes,
1013 3542 1171 3615 plurimos

149 3663 241 3716 esse,
256 3647 310 3720 qast
328 3646 388 3703 lton
396 3649 474 3716 J'am
486 3645 696 3711 decreverint,
714 3645 769 3717 qui
780 3641 839 3699 titt
850 3648 964 3702 endem
975 3646 1170 3712 moliantur,

149 3746 209 3823 qui
219 3746 352 3803 r'rrtuunr
363 3748 497 3802 exitium
510 3753 652 3817 paratas
668 3751 801 3813 mentes,
824 3757 863 3799 ao
880 3762 995 3801 manus
1013 3741 1169 3810 habeant,

146 3848 205 3925 qui
234 3854 298 3904 tua
323 3851 397 3920 jam
426 3848 541 3903 cervici
571 3846 776 3910 immineant,
807 3850 860 3898 tuo
882 3838 1001 3917 juqulo
1020 3845 1171 3914 funestos

147 3952 302 4007 nuenton
324 3951 481 4026 gladios?
519 3949 574 4001 aut
599 3958 638 4000 ea
663 3958 697 3999 es
723 3931 929 4007 confidentia,
954 3944 991 3993 ut
1014 3960 1111 3997 unum
1137 3943 1169 3993 te

145 4046 294 4109 carnibus
308 4042 468 4116 sufficere,
488 4054 603 4104 eontra
616 4044 775 4117 publicum
792 4042 899 4097 odium
913 4040 1069 4097 munitum
1086 4039 1168 4093 sotis

139 4156 262 4227 puta?
278 4140 446 4206 Memento
466 4159 527 4222 age
544 4139 595 4214 aa)
614 4136 694 4207 itlius
716 4132 864 4218 Tragici:

145 4289 346 4308 m

179 4392 216 4465 ⁸)
233 4404 318 4463 quoe,
336 4400 370 4447 ut
404 4399 449 4452 ⁶⁸)
466 4408 514 4458 aaa
522 4429 531 4457 ,
550 4398 644 4470 artem,

179 4586 248 4633 unu
266 4587 312 4647 op.
325 4587 352 4634 r.
369 4579 402 4631 tt
453 4616 456 4623 .
