2624 5108
528 788 631 866 Erul.
1018 791 1088 868 ste

449 982 709 1062 Posq'rss'llus.

149 1091 236 1175 Quid
261 1088 346 1174 apud
371 1088 546 1170 Hispanos,
576 1090 696 1173 qraidue
720 1089 804 1169 apud
830 1088 936 1162 Gallos
956 1100 1088 1174 agatur,

73 1193 146 1255 satis
166 1193 268 1255 sciunt
287 1212 396 1253 omnes
415 1201 577 1266 rumores,
597 1189 704 1250 neseio
724 1201 846 1264 sutem,
865 1191 893 1252 si
911 1191 1090 1254 meduana

74 1292 133 1357 sim
151 1312 306 1375 unquam,
328 1312 397 1374 quoe
417 1312 436 1352 e
456 1289 622 1353 Germania
641 1300 737 1372 atque
755 1290 870 1371 Anglia
887 1292 949 1352 huc
968 1290 1008 1353 sd
1027 1311 1087 1355 nos

73 1394 292 1456 devenerunt:
325 1391 413 1474 quod
439 1391 556 1452 scilieet
581 1390 677 1472 Angli
701 1389 893 1471 perhumane
918 1410 1009 1454 suum
1032 1414 1088 1454 ex-

73 1502 227 1575 oeperunt
247 1489 450 1571 Campejum,
482 1490 587 1553 Cesar
608 1511 645 1552 ac
664 1489 813 1553 Germani
838 1489 996 1572 principes
1013 1490 1090 1555 item

74 1590 264 1673 Cajetanum
282 1611 374 1655 suum
392 1602 479 1653 tanto
499 1601 626 1671 aparatu
645 1601 741 1673 atque
758 1590 877 1667 latitia,
898 1602 935 1652 ut
952 1591 1015 1653 dici
1033 1593 1090 1654 vix

74 1704 181 1777 queat.
219 1695 262 1756 At
280 1691 335 1754 ubi
355 1693 395 1754 de
407 1691 563 1755 bellorum
574 1710 676 1755 nervo
697 1710 801 1753 senno
819 1689 958 1768 habitus,
979 1704 1090 1775 gentes

73 1795 120 1855 lue
160 1794 250 1876 (quare
275 1801 385 1872 suapte
409 1803 519 1855 natura
546 1803 618 1855 sunt
636 1791 690 1853 ire
711 1790 850 1853 omnium
867 1790 1092 1873 impotentissi-

73 1895 151 1970 mse)
165 1904 316 1977 wantum
327 1892 562 1969 incanduerint,
582 1901 702 1977 quanto
714 1889 851 1953 ludibrio
864 1893 944 1954 hane
959 1892 1093 1955 Floren·
1129 1970 1134 1989 Ι

74 1994 170 2056 tinam
187 1991 372 2056 industriam
390 1991 586 2068 habuerint,
601 2012 668 2055 non
692 1991 765 2054 satis
792 1991 894 2072 possit
917 1995 1092 2072 legatorum

74 2091 226 2157 curalium
248 2092 349 2155 literis
367 2092 513 2173 exprimi.
552 2090 701 2155 Scribant
718 2090 803 2154 enim
821 2091 855 2154 in
883 2091 965 2167 dies,
995 2102 1092 2174 atque

74 2193 160 2256 omni
178 2193 231 2256 die
251 2192 421 2256 ‹leteriora
464 2192 603 2255 Stolidus
621 2192 730 2255 dicauit
755 2201 787 2252 et
811 2191 933 2271 Anglos
959 2201 990 2253 et
1010 2192 1092 2255 Ger·

72 2314 194 2356 manos.
249 2294 423 2373 Deplorant
459 2291 546 2354 vices
577 2313 669 2368 suas,
705 2291 795 2373 quod
824 2291 950 2353 tandem
980 2290 1091 2354 ultimo

74 2413 184 2474 sapere
202 2403 364 2473 coeperunt
384 2391 526 2455 Barbari.
568 2390 665 2472 Quod
692 2390 752 2453 etsi
777 2410 870 2465 sero,
902 2389 994 2455 nimis
1011 2403 1091 2453 tem-

73 2492 195 2573 pestive
210 2504 320 2555 eontra
341 2513 375 2555 se
396 2502 500 2559 aetum
516 2501 638 2571 putant.
675 2489 836 2550 Videntur
855 2492 950 2552 altera
968 2495 1090 2568 saecula,

73 2592 199 2656 videtin
230 2594 306 2655 alter
334 2590 470 2655 muudus
498 2590 560 2668 eis,
593 2586 668 2672 quia
693 2589 768 2651 alias
793 2600 904 2672 gentes
930 2611 983 2654 eas
1001 2592 1092 2655 iare·

73 2693 189 2767 nerint.

513 2798 653 2873 Cyrus

149 2887 199 2955 Mi
224 2887 336 2969 unice,
366 2891 393 2956 si
420 2912 497 2956 vera
522 2904 595 2953 nant
624 2910 694 2974 quae
720 2892 882 2974 propalam
909 2892 958 2954 hic
984 2891 1093 2957 llomae

73 2991 356 3068 circumferuntur,
393 2992 505 3055 dubito
538 3000 642 3054 autem
675 2992 824 3072 figmenta
854 3012 924 3056 esse
956 2981 1026 3076 quae
1061 2992 1094 3056 hi

73 3089 192 3150 dicunt.
230 3089 322 3150 Nosti
347 3101 466 3166 autem,
498 3112 592 3175 qrram
620 3092 670 3154 hic
698 3093 809 3155 Rome
834 3112 944 3156 omnes
964 3093 1026 3156 sint
1051 3096 1094 3156 de

73 3186 224 3270 pontilice
253 3187 391 3250 maximo
425 3200 459 3250 et
496 3191 765 3255 reverendissimis
803 3190 1024 3256 cardinalibus
1053 3194 1093 3257 ad

72 3288 151 3352 mala
170 3286 363 3370 proferenda
380 3289 621 3370 promptissimi3
643 3294 686 3355 ob
700 3293 735 3357 id
750 3296 954 3358 vehementer
968 3292 1092 3374 dubito,

74 3407 151 3453 vera
168 3406 235 3449 non
253 3405 324 3448 esse
344 3405 419 3471 quas*
432 3389 709 3457 cirmrmferuntur.

450 3496 711 3574 Pasqrsillus.

148 3580 334 3669 Utcunrpie3
373 3582 413 3650 si·
437 3606 514 3651 vera
531 3586 634 3668 'sunm
676 3588 752 3679 nihil
788 3594 981 3675 mirabilius,
1017 3596 1094 3663 nihil

72 3688 302 3751 monstruosius
329 3687 393 3750 dici
419 3698 542 3769 potest,
581 3710 676 3776 quam
708 3694 849 3775 duglas,
888 3716 984 3779 quem
1013 3701 1094 3760 Ger·

65 3800 181 3849 ¹manau
212 3784 381 3871 aliquando
411 3803 522 3868 sapere
558 3791 709 3872 eoepisse,
752 3810 789 3852 ac
819 3788 953 3857 aliorum
982 3794 1092 3859 nescio

72 3902 150 3965 quas
170 3887 352 3965 praevidisse
376 3888 515 3951 fraudes.
551 3888 607 3954 Dii
627 3887 724 3953 bonil
752 3890 807 3953 ubi
826 3906 976 3957 creature
996 3905 1093 3957 resta-

70 3980 177 4045 bunt?
215 3982 293 4066 Quis
319 4006 464 4052 nummos
490 3991 672 4071 rependet?
703 3990 862 4072 lmpensas
882 3991 1028 4077 ingentes
1057 4013 1094 4059 ae

70 4081 185 4145 nimios
216 4084 363 4149 leeemnt
392 4082 527 4153 labores.
580 4090 688 4166 Sitim,
727 4090 873 4174 uigilias,
909 4112 945 4154 ao
978 4091 1094 4159 lumem

70 4196 299 4266 nonnunquam
320 4186 455 4267 pertesi,
486 4208 523 4251 ae
541 4190 634 4252 vacui
652 4190 811 4253 redibunt.
856 4191 936 4274 Quis
963 4208 1094 4276 appara·

69 4290 121 4340 tus
142 4302 218 4344 suos
237 4285 296 4347 hos
313 4286 498 4369 magnificos
516 4291 700 4368 persolues?
734 4290 903 4354 Discedam
922 4308 1020 4376 ergo,
1051 4314 1093 4359 ne

69 4379 184 4443 horum
198 4382 372 4465 particeps,
393 4388 520 4450 taudem
537 4400 569 4451 et
587 4387 655 4471 ipss
671 4408 768 4473 cogar
785 4391 954 4471 decimam,
975 4392 1094 4478 vigesi-
