2624 5108
998 786 1166 887 'set

142 1028 203 1070 ne:
235 1016 271 1068 ut
288 1006 394 1066 nullus
412 1003 474 1066 allo
493 1005 564 1085 plus
590 1024 720 1085 sapore,
740 1024 799 1069 seu
816 1004 935 1070 rectius
955 1002 1035 1088 quid
1053 1000 1167 1068 intelli·

144 1129 222 1190 gere
242 1109 377 1170 valeant.

221 1205 433 1267 Provideatur
454 1224 533 1267 vero
560 1203 675 1279 enixe,
705 1223 746 1267 ne
771 1202 954 1281 dialectica,
982 1204 1105 1290 logica,
1137 1213 1168 1268 et

144 1305 310 1388 gentillum
335 1304 546 1386 sophistarum
573 1303 697 1385 ineptire
723 1325 797 1368 cum
816 1303 912 1368 sacris
932 1305 1169 1368 confundantur

143 1407 258 1482 literis,
289 1407 339 1468 vel
358 1406 493 1468 coelcstia
518 1403 581 1467 Del
606 1403 746 1469 instituta
768 1405 808 1467 ad
827 1415 1015 1474 Aristotelis
1034 1407 1169 1469 humana

142 1507 328 1589 redigantur
342 1516 515 1595 precepta,
536 1503 687 1591 quonism
700 1507 824 1574 nullum
838 1505 1035 1576 consortium
1052 1504 1171 1571 Christi

144 1620 177 1670 et
196 1606 306 1672 Belial.

218 1709 390 1790 Abnegent
409 1705 508 1791 igitur
527 1704 714 1788 Theologisa
736 1701 905 1768 Candidati
923 1705 1091 1771 confestim
1109 1705 1171 1770 sub

143 1808 284 1885 initium,
321 1807 556 1870 contentiosum
584 1808 646 1869 hoc
678 1804 858 1869 studiorum
891 1825 1012 1885 genus,
1051 1826 1094 1868 ne
1123 1802 1170 1868 uti

144 1910 216 1973 ficri
250 1907 437 1984 consuevit,
478 1910 536 1971 hac
564 1906 690 1970 rixandi
725 1907 974 1982 consuetudine,
1015 1927 1050 1969 se
1082 1906 1171 1988 ipsos

108 2047 112 2054 -
142 2009 226 2075 bene
247 2009 281 2071 in
299 2007 421 2071 cunctis
445 2008 563 2072 sentire
583 2006 788 2069 convincant:
818 2026 919 2090 quum
938 2017 1043 2069 tamen
1065 2007 1171 2070 omnia

143 2109 311 2192 ignorent,
333 2119 364 2169 et
381 2106 479 2172 totins
497 2107 568 2170 vitre
585 2117 747 2186 tempore,
767 2106 810 2169 nii
829 2106 915 2169 aliud
930 2105 1024 2169 etiam
1040 2104 1170 2171 summis

143 2210 324 2285 laboribus,
344 2229 439 2291 ipram
458 2208 534 2279 nihil
551 2209 650 2284 soire,
670 2207 822 2271 didicere.

220 2311 262 2371 Et
280 2307 431 2392 quoniam
447 2308 591 2373 videmus
609 2309 736 2386 stultos,
762 2309 909 2380 insanos,
936 2305 1081 2388 garrulos
1100 2302 1171 2367 ilios

147 2408 398 2490 Theologastros
420 2407 547 2471 oristica
562 2408 776 2483 cavillatione,
803 2405 1010 2489 litigandique
1034 2423 1170 2467 consuc-
1274 2427 1280 2438 ‘

146 2506 256 2570 tudine
285 2509 365 2570 adeo
398 2529 416 2570 a
444 2508 541 2571 sacris
569 2530 606 2591 sc
631 2508 725 2571 bonis
752 2504 1100 2581 excidisse'moribns,
1134 2515 1171 2566 ut

146 2608 287 2675 omnium
301 2609 472 2676 hominum
498 2608 561 2672 sint
577 2607 807 2680 sceleratissimi
829 2627 866 2669 ac
891 2604 1170 2681 facinorosissimi,
1292 2665 1297 2675 .

145 2710 185 2772 ad
224 2721 337 2771 curictn
369 2723 430 2775 tam
466 2708 592 2790 publica
624 2729 719 2799 qnam
757 2707 880 2788 privata
917 2707 1025 2780 munia
1059 2706 1170 2790 inepti.

144 2807 254 2877 Primo
273 2812 439 2878 moralium
459 2808 630 2881 moralibus
655 2807 819 2893 gentilium
838 2808 1017 2872 imbuantur
1038 2808 1170 2886 studiis,

145 2910 261 2981 deindo
288 2909 471 2978 Christianae
505 2909 669 2999 religionis
698 2930 776 2977 vera
801 2920 834 2972 st
863 2909 917 2989 pia
947 2911 1181 2991 amplectantur

144 3020 310 3089 precepta.
357 3011 405 3075 lta
425 3012 510 3074 enim
531 3032 592 3093 pro
617 3009 762 3092 superbis
783 3021 815 3073 et
841 3009 1048 3074 contentiosis
1070 3009 1172 3074 humi·

144 3108 207 3180 les,
242 3126 302 3187 pro
331 3108 517 3188 voluptariis
544 3109 760 3185 continentes,
793 3130 853 3192 pro
879 3108 982 3173 avaris
1007 3109 1171 3187 liberales,

145 3225 205 3290 pro
233 3205 348 3273 invidis
375 3208 519 3286 hnmani,
550 3220 582 3274 et
600 3211 729 3279 demum
746 3231 807 3301 pro
832 3209 957 3275 vitiosis
977 3209 1040 3278 viri
1061 3211 1171 3292 optimi

145 3307 291 3373 evadant.

221 3407 319 3489 Quod
352 3405 379 3468 si
411 3406 540 3472 omnino
578 3411 649 3499 quis
684 3410 888 3477 Dialecticam
920 3409 954 3474 in
993 3409 1173 3495 Theologis

146 3509 403 3576 confundendam
433 3529 503 3571 osse
526 3510 656 3593 dignum
674 3513 781 3583 ducitr
812 3525 910 3579 uteo
935 3523 1031 3596 pacto
1051 3510 1173 3576 hereti·
1282 3576 1291 3583 ,

146 3629 258 3678 corum
283 3610 387 3672 resisti
418 3611 519 3681 valeat
542 3611 712 3692 decipulis,
750 3611 947 3679 Christianus
972 3633 1052 3676 vcro
1085 3611 1172 3673 orbis

146 3730 164 3773 a
190 3709 320 3794 reliquis
344 3713 516 3792 depuratus
540 3712 580 3776 sit
600 3709 782 3776 erroribusr
813 3710 851 3775 sd
868 3712 995 3780 Boemos
1017 3711 1068 3774 illc
1087 3713 1172 3774 dele·

146 3821 241 3892 getnr
266 3811 446 3889 hereticos,
477 3824 512 3875 ut
537 3814 588 3874 vei
609 3813 681 3882 ilios
701 3810 741 3872 ad
767 3809 850 3879 viam
871 3809 1012 3872 veritatis
1036 3830 1173 3876 conver·

144 3919 205 3986 tat,
219 3914 270 3974 vel
286 3934 385 3994 quum
400 3913 431 3975 id
450 3915 507 3992 (ut
519 3913 651 3978 credere
667 3911 760 3987 lieet)
778 3908 881 3976 minus
898 3921 1045 3987 prestare
1058 3920 1171 3992 micat,

143 4012 252 4077 saltem
272 4014 520 4092 praesumtionis,
554 4010 744 4100 germdilatis
770 4022 803 4075 et
823 4006 959 4080 strrltitiae
977 4029 1042 4076 suas
1063 4029 1172 4090 poenas

144 4110 247 4193 capite
268 4115 400 4196 proprio
422 4118 495 4187 luat,

134 4241 137 4246 ·
218 4210 362 4274 Proinde
390 4235 488 4296 quum
516 4217 602 4279 nulla
626 4214 687 4282 alia
712 4212 754 4277 sit
783 4229 896 4289 causa,
926 4230 984 4273 cur
1008 4209 1064 4294 qui
1088 4210 1170 4274 laiso

142 4308 358 4394 theologicum
381 4326 536 4395 usurpent
556 4335 691 4390 nomen,
712 4312 893 4389 dialectice,
911 4314 973 4374 hoc
991 4322 1054 4388 est,
1075 4312 1171 4376 simu·

142 4410 255 4479 latoris
274 4423 307 4475 et
324 4414 519 4496 hypocritice
536 4414 660 4480 vivente
680 4412 767 4480 aliud
787 4413 909 4491 deant,
928 4411 1014 4476 aliud
1033 4413 1167 4477 iaciant.
