2624 5108
508 881 638 956 Oratio
662 882 816 974 Quarta.
1104 888 1168 962 l'll

151 1086 332 1140 exterarum
358 1075 524 1139 nationum
550 1075 712 1139 calumniis
736 1075 941 1156 patefaceres.
992 1077 1062 1140 Jarn
1088 1076 1172 1141 enim

146 1174 334 1259 rejicientur
351 1176 386 1238 in
406 1178 602 1252 Germanos,
631 1198 700 1260 qua
726 1198 786 1238 nos
809 1177 917 1259 prius,
947 1178 1073 1261 quoties
1091 1178 1172 1239 inte·

145 1276 270 1361 gritatis
300 1276 464 1339 contentio
492 1286 593 1353 esset,
625 1276 789 1339 Gallorum
816 1277 991 1359 superbiae,
1021 1277 1197 1341 Italorum*

144 1376 270 1439 levitati
297 1374 439 1457 objicere
466 1376 550 1439 soliti
574 1397 692 1440 sumus.
740 1378 782 1438 Et
806 1389 842 1440 tu
868 1377 997 1460 quidem
1023 1378 1062 1439 ‹lc
1092 1381 1173 1440 Ger·

147 1475 254 1541 mania
279 1475 325 1541 sie
352 1498 387 1541 es
411 1476 552 1540 mennas.
592 1479 700 1560 Quare
728 1477 807 1561 quid
834 1476 892 1541 tibi
917 1477 1086 1552 debeatur,
1106 1499 1173 1539 non

146 1578 288 1641 obscure
308 1576 465 1660 intelligis.
504 1575 608 1661 Cujus
628 1570 701 1641 'cum
719 1589 804 1642 tanta
817 1577 857 1640 sit
871 1577 1072 1660 improbitas,
1091 1578 1172 1641 loris

145 1677 278 1761 cognita
298 1676 562 1753 inmanitatem,
582 1678 661 1761 quid
675 1678 735 1742 sub
751 1678 805 1741 illo
822 1680 937 1754 corde,
957 1690 1005 1741 tot
1020 1680 1174 1745 malonun

143 1779 327 1843 facinorum
346 1778 515 1843 seminario
536 1781 633 1841 latere
645 1780 823 1859 putandum
839 1778 908 1840 est?
938 1779 1076 1859 Quodsi
1089 1791 1173 1841 tuam

142 1891 282 1951 mentem
315 1889 531 1961 perscrutatus
560 1879 632 1962 quis
651 1879 765 1954 luerit,
809 1890 942 1961 tuasque
964 1879 1174 1962 cogitationes

144 1980 247 2062 possit
278 1982 319 2043 ad
348 1980 585 2043 consessionem
613 1980 760 2061 adigere,
805 1991 958 2064 quaritum
987 1980 1042 2043 Dii
1076 1980 1173 2043 boui!

140 2080 318 2156 scelerum,
359 2092 513 2163 quantum
551 2081 760 2162 pessimorum
799 2082 992 2165 flagitionam
1033 2102 1075 2145 cx
1110 2084 1173 2144 hoc

142 2182 273 2244 sinuoso
311 2181 453 2262 pectoris
495 2181 542 2242 tui
574 2182 751 2260 labyrintho
791 2185 961 2251 acervatim
1001 2183 1171 2245 effundes?

143 2282 248 2344 Multa
275 2281 422 2361 cogitasti
456 2280 560 2356 enim,
596 2303 666 2365 quse
694 2304 761 2346 non
788 2305 883 2347 ausus
909 2304 942 2346 es
968 2283 1085 2344 lacere.
1125 2285 1173 2345 Ea

145 2392 203 2445 tua
220 2393 270 2447 est
287 2381 543 2465 pusillanimitas,
562 2384 659 2446 velles
681 2384 806 2460 omnia,
827 2385 884 2447 sed
902 2395 939 2449 ut
957 2382 1013 2445 tibi
1033 2383 1172 2458 videtru,

147 2502 264 2564 pauca,
289 2494 325 2546 ut
343 2482 438 2545 nobis
457 2502 555 2557 vero,
584 2481 677 2545 nimis
699 2488 795 2548 multa
813 2483 986 2567 perfecisti.
1025 2483 1064 2544 ld
1083 2484 1174 2566 quod

147 2582 181 2644 in
206 2583 296 2647 istius
320 2604 402 2646 nece
428 2594 632 2664 perspectum
659 2594 715 2646 est.
755 2584 890 2667 Quoties
918 2583 1048 2647 timuisti
1067 2584 1172 2658 enim,

143 2706 184 2747 nc
207 2696 241 2746 te
260 2683 411 2766 superior
435 2695 534 2758 esset,
564 2684 590 2745 si
610 2683 729 2766 primus
750 2683 830 2750 ictus
849 2697 964 2764 praeter
984 2707 1073 2767 spem
1090 2685 1173 2751 ceci·

142 2785 263 2863 disset,
295 2804 332 2846 ac
354 2783 422 2866 ipse
445 2785 664 2849 delensionem
688 2785 739 2849 sui
757 2784 901 2850 iniisset?
936 2788 1034 2869 Quod
1053 2787 1172 2851 lactum

142 2885 243 2950 dubio
256 2887 372 2967 procul
383 2896 475 2948 esset.
514 2887 629 2970 Neque
644 2887 733 2965 ‚enim
745 2886 928 2955 metuissem
941 2887 1021 2951 illius
1034 2887 1126 2963 vita,
1145 2888 1173 2950 si

140 2991 195 3051 vel
202 2998 320 3051 exerto
330 2986 499 3051 adversum
511 2998 542 3048 te
555 2986 680 3070 gladio,
698 2989 831 3055 salutem
841 3010 928 3052 suam
939 2988 1023 3057 tueri
1032 2988 1171 3052 monitus

142 3088 268 3158 luisset.
308 3089 362 3149 Tu
388 3086 487 3169 igitur
517 3086 598 3149 illius
628 3089 778 3155 virmtem
804 3103 965 3166 metuens,
992 3103 1053 3153 tuac
1072 3091 1172 3161 imbe-

143 3188 265 3252 cillitati
291 3189 455 3263 diffidens,
494 3187 614 3269 jussisti
644 3192 765 3256 nudum
799 3210 870 3254 esse
898 3191 1004 3266 illum,
1038 3191 1108 3270 ipse
1139 3203 1171 3251 te

144 3292 228 3353 elam
258 3291 347 3353 annis
376 3289 550 3353 munivisti.
598 3291 672 3355 Hoc
697 3292 855 3374 prodendi
881 3301 1060 3355 commento
1087 3303 1173 3352 tuam

142 3392 295 3475 ignavam
320 3389 517 3453 timiditatem
545 3392 702 3467 excitasti,
750 3405 840 3457 tuum
867 3394 1067 3474 desperatum
1095 3412 1172 3458 con·

142 3494 249 3557 silium
273 3504 462 3574 prosecutus
490 3515 540 3567 cs;
571 3493 725 3576 quodque
744 3493 813 3575 ipsa
832 3495 1003 3561 ostendunt
1022 3496 1169 3570 vulnera,

145 3605 278 3677 clergo
296 3594 453 3669 invasisti,
485 3594 574 3677 quod
595 3613 704 3657 omnes
724 3595 881 3670 sentiunt,
909 3618 976 3658 non
994 3595 1170 3671 monitum,

145 3714 216 3757 non
237 3698 433 3778 appellatum.
472 3695 648 3776 Egregium
667 3704 699 3754 te
719 3693 817 3776 igitur
835 3708 1063 3777 pugnatorem,
1083 3718 1171 3778 mag-

143 3795 310 3861 nanimum
334 3798 514 3860 Suevonun
541 3794 716 3877 principem
743 3794 805 3857 clici
824 3796 884 3860 ris.
925 3799 1033 3879 Atque
1052 3818 1094 3857 ex
1113 3798 1172 3860 hac

143 3898 268 3982 gloria,
321 3908 470 3981 tancpiam
513 3897 634 3981 aliquot
675 3894 814 3959 hostium
859 3895 953 3961 millia
994 3899 1169 3973 occideris,

144 3998 341 4081 triumphum
370 3999 427 4060 tibi
464 3998 550 4062 forte
583 3997 714 4060 decerni
748 3995 933 4078 postulabis.
992 3998 1170 4061 Teterrime

143 4100 290 4165 omnium
307 4101 505 4176 mortalium,
534 4100 651 4182 optime
672 4101 712 4163 de
731 4112 763 4164 te
782 4099 970 4163 sentientem
988 4118 1060 4159 cum
1079 4118 1171 4177 pere-

142 4204 265 4279 meris,
295 4203 367 4285 jure
392 4216 591 4286 peremptum
615 4202 719 4269 rideri
745 4202 804 4265 cis.
844 4199 928 4265 Cum
947 4199 979 4267 ei
1001 4198 1097 4260 vitam
1116 4198 1170 4259 ab·

143 4302 294 4380 strrleris,
328 4305 384 4391 qui
412 4325 500 4369 suam
528 4304 587 4368 tihi
612 4327 722 4386 opem,
752 4325 846 4368 suum
870 4300 1055 4369 consilium,
1089 4310 1120 4360 et
1139 4300 1171 4373 *l

180 4536 212 4605 ¹⁵)
231 4554 276 4599 ee,
295 4558 329 4594 ac.
