2624 5108
517 876 646 953 Oratio
672 876 824 971 Quarta.
1111 885 1177 953 153

164 1093 249 1148 esse,
280 1079 486 1153 oportuerat,
516 1069 549 1133 ei
576 1070 729 1147 arrideat,
762 1092 835 1135 enm
861 1072 1074 1151 amplexetur,
1105 1094 1180 1137 erun

162 1176 201 1251 (o
223 1172 454 1265 turpitudinem
482 1169 736 1247 incredibilcmll
783 1175 943 1237 osculetur
967 1173 1060 1235 etiarn
1082 1174 1113 1249 *)
1147 1185 1179 1237 et

159 1294 358 1357 congressus
373 1274 413 1335 ad
429 1273 592 1335 libidinem
614 1273 784 1356 dignetur:
811 1274 875 1337 Sed
892 1274 1041 1337 custodes
1065 1275 1178 1349 habes,

160 1396 221 1455 per
252 1395 334 1457 qnos
368 1342 730 1456 cupiditatem-explere
762 1395 830 1437 non
858 1373 953 1450 licet,
992 1374 1078 1437 illurn
1106 1372 1177 1451 epu

161 1485 303 1555 patrem,
316 1476 319 1483 '
332 1473 390 1555 qui
412 1476 497 1537 lnmc
522 1474 579 1536 tibi
591 1495 741 1538 -amorcm
758 1475 955 1549 conciliavit,
991 1486 1022 1537 et
1042 1475 1178 1555 prolnnn

159 1573 332 1657 juvenem,
359 1570 500 1653 ejuarlcm
517 1574 663 1651 fratrem,
695 1598 761 1660 quo
784 1588 818 1639 tu
834 1598 936 1657 puero
957 1576 1113 1657 primunr,
1145 1584 1178 1635 et

158 1677 367 1739 adolescente
382 1676 476 1754 pardo
495 1686 583 1757 post,
603 1679 767 1759 qrrcmodo
784 1698 862 1741 usus
878 1678 937 1751 sis,
961 1677 1039 1760 quid
1055 1678 1095 1739 ad
1116 1680 1178 1739 lroc

155 1775 326 1859 negotium
341 1774 503 1856 pertinet?
534 1777 640 1839 Facile
656 1791 760 1841 autem
780 1780 882 1859 patior
896 1778 961 1841 ¹lroc
980 1779 1125 1843 obtinere
1147 1792 1180 1841 te

156 1889 268 1939 contra
282 1887 462 1951 mortuum,
478 1868 572 1959 'quod
587 1898 654 1940 non
667 1880 814 1961 eo'e'gcris
830 1880 928 1953 illam,
950 1901 986 1961 ar.
1001 1881 1079 1942 citra
1096 1880 1175 1955 viru,

157 1990 192 2039 et
208 1970 388 2039 vibl'entiam
408 1997 528 2041 amasse
546 1988 598 2053 te,
631 1981 890 2062 quarrdoquidem
910 2002 993 2062 opus
1010 1981 1094 2043 sorte
1110 2004 1176 2044 non
1268 2046 1272 2055 ,

155 2078 223 2141 fnit
240 2077 335 2157 cogi,
356 2102 426 2162 quae
445 2078 565 2153 voluit,
593 2090 624 2139 ct
643 2099 682 2141 ea
698 2081 891 2161 simplicitate
908 2095 1017 2145 noster
1037 2082 1113 2153 luit,
1143 2094 1177 2145 ut

156 2179 352 2245 incredibilia
380 2181 421 2244 de
444 2201 549 2243 uxore
575 2202 642 2243 non
662 2182 884 2261 sirapicaretur.
932 2185 996 2247 Sed
1013 2168 1176 2265 utcunque

159 2279 319 2361 negotium
339 2283 403 2343 hec
421 2291 549 2354 tractes,
580 2281 631 2343 ille
652 2282 705 2345 abs
729 2293 760 2345 te
785 2282 992 2363 interemptus
1019 2294 1081 2356 est,
1111 2285 1175 2344 luce

150 2381 195 2441 'in
206 2390 259 2441 tua
276 2384 361 2455 aula,
393 2381 427 2443 in
448 2392 568 2463 tuoque
589 2382 737 2445 erdricnlo
758 2382 854 2456 vivit,
881 2394 913 2443 et
932 2382 1009 2445 vivit
1023 2381 1174 2456 libenter,

159 2456 245 2543 riullo
266 2482 366 2545 meriti
385 2482 436 2545 aui
451 2481 630 2559 desiderio,
657 2483 697 2545 ad
714 2494 783 2544 tuas
805 2482 1009 2562 cupiditates,
1031 2484 1072 2563 ad
1090 2492 1175 2545 luant

154 2579 330 2663 libidinem,
368 2602 430 2643 nec
449 2594 592 2665 compta,
620 2594 657 2645 ut
685 2593 851 2657 matronae,
887 2604 947 2646 nee
972 2594 1111 2657 morata,
1138 2594 1175 2645 ut

150 2685 290 2747 honestae
302 2684 417 2749 solent.
450 2683 587 2766 Reliqua
600 2684 696 2756 sileo,
717 2693 748 2743 et
761 2702 811 2745 rue
825 2682 939 2745 iterum
950 2683 1000 2745 lrie
1013 2682 1173 2747 contineo.

151 2786 257 2865 Quam
277 2796 353 2847 sunt
373 2786 470 2847 mtdta
487 2786 588 2859 enim,
619 2807 689 2868 quar
714 2795 747 2848 tu
768 2786 964 2847 confidenter
980 2784 1076 2857 facis,
1110 2806 1174 2866 ego

150 2883 259 2951 timide
280 2884 368 2949 dieo.
404 2885 522 2949 Metuo
541 2886 626 2949 euim
644 2884 843 2949 verecundiae
863 2906 961 2961 mam,
989 2907 1025 2948 ea
1044 2885 1172 2961 dicens,

148 3006 219 3069 quar
238 2999 274 3047 tu
300 2986 420 3049 faciens
444 2986 600 3049 rationem
617 2986 706 3049 lamre
725 3007 793 3048 non
816 2985 953 3048 habuisti
977 2997 1049 3051 turc.
1087 2985 1174 3065 Quin

148 3085 265 3161 etiam,
302 3086 460 3171 siquando
485 3088 618 3149 edantur
644 3089 726 3162 lucc,
755 3088 948 3161 verendum,
981 3098 1017 3151 ut
1043 3088 1174 3149 credant

149 3186 291 3267 posteri,
323 3209 392 3270 qnae
417 3198 587 3268 presentes
614 3198 743 3250 norunt.
793 3184 876 3262 Τοῖ’,
910 3199 1036 3266 tumque
1060 3199 1174 3268 praetcr

149 3286 252 3365 fidem
264 3298 337 3349 sunt
345 3288 430 3351 errirn
446 3300 500 3351 tna
511 3290 645 3362 scelere,
666 3299 701 3350 ut
718 3287 795 3350 eitra
810 3288 965 3351 mendacii
977 3286 1172 3365 opinionem,

148 3386 354 3471 quiquidem
378 3388 464 3451 hand
481 3376 625 3468 'praesens
648 3386 854 3471 cognoverit,
880 3386 986 3451 audiat
1004 3408 1042 3449 ca
1060 3408 1172 3461 nemo,

147 3502 180 3551 et
194 3512 267 3575 φη
286 3510 367 3573 ego,
402 3489 431 3553 si
448 3510 696 3551 commemorare
718 3488 812 3549 velim
837 3488 963 3564 omnia,
988 3488 1172 3569 longissime

147 3601 241 3653 extra
262 3612 388 3655 eausam
412 3601 602 3673 evagaturus
626 3588 696 3651 sim.
737 3587 837 3669 lgitur
854 3590 894 3652 ad
914 3602 1000 3653 tuam
1018 3589 1173 3651 narratio·

147 3710 224 3751 nem
250 3690 425 3755 redeamus.
478 3688 542 3751 Cui
569 3689 687 3752 obnixe
714 3687 838 3749 veniam
862 3691 966 3753 oranti
999 3712 1066 3751 non
1097 3690 1170 3765 das,

145 3788 299 3871 perjuro,
319 3792 496 3873 proditori,
517 3791 633 3864 infido,
652 3800 747 3870 atque
766 3786 856 3850 aliter
874 3788 1053 3853 sexcenties
1072 3791 1154 3857 nralo

145 3890 250 3955 isabs
272 3902 305 3953 le
323 3892 491 3957 consilium
508 3890 608 3973 petiit.
654 3890 748 3963 liste,
780 3886 907 3967 petierit
926 3888 966 3952 ab
984 3910 1041 3960 eo,
1074 3910 1171 3969 quern

143 3991 207 4055 sibi
229 3992 419 4073 capitaliter,
445 4002 479 4055 et
503 3988 806 4054 irreconciliabiliter
832 3985 923 4049 irasci
952 3986 1078 4049 videbat
1101 3988 1169 4061 Μ).

144 4112 328 4177 quanquam
343 4095 406 4156 lrec
424 4112 518 4157 nemo
539 4091 629 4163 sarit,
649 4102 753 4153 tamen
770 4102 807 4152 ut
825 4087 967 4168 petierit,
988 4086 1077 4167 quod
1093 4084 1171 4149 illud

142 4192 205 4257 luit
215 4192 384 4269 delictum,
403 4192 497 4273 cnjus
512 4193 567 4257 abs
585 4203 615 4255 te
628 4192 753 4259 veniam
770 4188 839 4266 en«)
858 4186 1024 4271 deprecari
1037 4197 1169 4250 coriatus

142 4336 341 4359 ff.—

178 4426 209 4491 ⁸)
227 4435 289 4481 nach
319 4436 405 4482 ellum:
442 4442 465 4479 rt
502 4447 651 4492 conpressus
684 4437 716 4477 ed
744 4434 869 4479 lllddlnrm
897 4434 1018 4489 dlqnetar
1036 4426 1172 4483 tenerem

175 4511 225 4578 ⁹⁸)
243 4521 362 4575 rldehm,
383 4518 479 4563 ridebit.
517 4510 581 4575 w)
601 4523 717 4565 rnatum.
737 4530 837 4575 pirrum.
