2624 5108
203 1324 395 1402 -Jacobo
420 1321 477 1433 de
502 1317 758 1413 Bennioiie,
798 1321 993 1395 Decono
1017 1319 1226 1394 Triden-

221 1456 229 1473 ’
335 1469 456 1560 tino,
487 1478 537 1540 et
563 1465 673 1544 Caes.
697 1465 797 1565 mnj.
824 1464 1091 1540 aSecretie.
1157 1455 1160 1461 ’

45 1895 49 1904 ·
136 1861 139 1867 ¹
211 1847 427 1971 Quiritum
447 1894 482 1939 ec
501 1874 541 1937 ad
560 1871 736 1958 Curarem,
767 1872 863 1956 eique
882 1873 1156 1940 commendaturus
1174 1893 1227 1936 me

209 1975 344 2051 viderie,
365 1997 407 2038 ne
424 1974 493 2037 sine
505 1974 610 2058 aliquo
623 1993 714 2050 meo,
737 1986 803 2059 quo
816 1972 981 2059 utriusque
996 1976 1083 2043 illum
1098 1972 1229 2036 nomine

209 2076 327 2151 (lones,
348 2075 537 2138 munusculo
556 2095 624 2139 eas:
645 2094 720 2138 ecce
738 2074 795 2144 tihi
816 2082 1016 2151 Orationem,
1042 2075 1230 2139 timeretur

209 2175 340 2251 dicere,
378 2171 571 2238 ornatissime
602 2174 740 2252 Jacobe,
778 2196 873 2258 quam
899 2177 939 2238 ad
968 2174 1129 2256 Principes
1155 2175 1232 2237 lusi.

209 2274 293 2344 Dico
320 2277 401 2350 tusi,
435 2294 502 2336 non
534 2294 604 2335 mea
635 2274 763 2357 quidem
794 2276 975 2351 voluntate,
1011 2273 1068 2338 red
1102 2273 1232 2337 illorum

210 2376 343 2461 judicio.
379 2374 449 2439 lam
465 2374 527 2436 hoc
544 2373 627 2459 enim
645 2377 777 2448 verinum
791 2397 859 2443 non
873 2374 916 2439 ob
932 2374 966 2439 id
980 2396 1119 2457 usurpo,
1140 2375 1231 2459 quod

211 2477 287 2543 mihi
307 2476 382 2555 joco
402 2473 578 2538 exciderint
595 2476 678 2550 huc,
704 2477 933 2561 qualiacunque
953 2487 1046 2552 eunt3
1078 2475 1135 2538 sed
1156 2474 1231 2558 quia

211 2578 307 2645 ludus
335 2588 383 2639 est
409 2576 484 2653 illie,
522 2583 560 2636 de
586 2581 663 2638 bello
689 2586 824 2640 Tuncico
853 2583 948 2640 verba
963 2583 1089 2656 facere.
1136 2578 1231 2642 Adeo

211 2699 279 2742 non
297 2688 426 2740 movent
441 2680 503 2740 hoc
517 2689 658 2758 tempore
674 2676 832 2751 homines,
850 2697 920 2760 quo
936 2676 1067 2739 exitium
1083 2676 1227 2757 imperio,

213 2778 345 2841 exitium
373 2777 519 2860 religioni
547 2800 616 2860 que
645 2777 810 2847 minantur.
860 2779 909 2839 Ac
933 2797 1067 2851 vereor,
1099 2789 1134 2837 ut
1160 2777 1230 2840 ullis

214 2879 382 2962 aliquando
398 2878 668 2948 exhortationibus
681 2877 761 2939 effici
775 2877 890 2955 possit,
907 2889 943 2939 ut
955 2877 1071 2959 quibus
1083 2877 1228 2951 maxime,

214 2990 247 3043 et
265 2978 416 3056 imprimis
429 2998 498 3040 esse
515 2977 640 3052 debuit,
660 2998 736 3041 cura
751 2978 926 3047 istiusmodi
939 2998 1046 3041 rerum
1062 2979 1110 3040 eit.
1141 2979 1231 3040 Deus

213 3099 273 3143 noe
292 3077 454 3158 respiciat,
481 3098 516 3138 ae
535 3088 669 3150 mentem
691 3078 854 3148 Germanis
874 3079 960 3140 indat
977 3078 1154 3152 meliorem,
1179 3067 1234 3139 vel

216 3200 285 3263 que
305 3178 345 3242 ad
364 3181 622 3259 cognoscendum
641 3199 674 3238 se
696 3179 753 3240 hac
778 3189 960 3260 tempestate
985 3178 1057 3241 entis
1084 3181 1132 3242 eit.
1178 3179 1233 3240 Tu

215 3280 296 3341 vade
314 3278 407 3342 bonis
426 3278 556 3352 avibus,
577 3300 613 3348 ac
629 3279 713 3357 apud
730 3279 852 3342 isthunc
867 3299 975 3349 rerum
992 3280 1152 3348 dominum
1170 3298 1232 3354 me,

216 3401 313 3461 quem
345 3390 393 3440 tot
426 3379 488 3455 jam
519 3378 606 3440 annis
638 3378 687 3440 alii
719 3393 870 3456 movent,
913 3381 1037 3447 tandem
1067 3400 1235 3459 promove.

215 3478 314 3543 Dabis
341 3479 402 3540 hoc
427 3477 645 3541 communibus
672 3479 799 3550 studiis,
834 3491 888 3543 eut
914 3478 944 3540 ei
970 3480 1074 3553 dabis,
1105 3501 1175 3562 que
1202 3491 1235 3541 te

215 3600 310 3662 supra
338 3600 446 3642 omnes
475 3577 606 3641 cesaris
633 3583 831 3647 consultores
858 3578 1054 3646 humanitatis
1083 3579 1236 3660 opinione

216 3681 329 3756 ellert,
361 3679 461 3745 lame.
512 3681 612 3758 Vale,
650 3703 692 3743 ex
722 3682 953 3748 valetudinario
979 3701 1051 3753 meo
1083 3681 1235 3762 Auguste

216 3783 276 3846 lll.
293 3783 370 3845 ldus
390 3781 548 3846 Octobris.
574 3784 623 3846 Μ.
641 3783 682 3848 Ι).
701 3782 828 3846 XVlll.

654 4009 656 4023 l

631 4036 824 4054 m
