2624 5108
647 83 764 257 Ι
882 119 883 149 d

204 446 211 455 .

639 564 662 601 ι
701 550 733 605 r.
790 586 793 591 -
812 570 820 595 ·.

713 632 717 645 ·
803 600 827 653 '¹⁴

510 884 642 961 Oratio·
663 882 797 960 Tertia.
1090 892 1155 967 tat

154 1080 284 1163 digrnrs,
330 1081 387 1141 sed
415 1090 504 1141 extra
535 1080 613 1141 fines
649 1076 774 1141 hnmani
803 1079 928 1157 generis
961 1077 1155 1158 ejiciendus,

150 1180 426 1255 exterminandus,
456 1200 492 1243 ac
508 1180 548 1241 ad
570 1179 655 1242 ieras
676 1177 790 1241 bestias
812 1178 1015 1256 relegandus,
1050 1183 1157 1243 autin

147 1281 290 1362 aliquem
308 1279 465 1343 desertina
480 1281 600 1355 locum,
620 1277 676 1341 ubi
697 1297 790 1341 nemo
810 1298 852 1340 ex
869 1278 954 1341 soedo
972 1299 1156 1361 congressu,

143 1381 253 1443 labem
267 1390 300 1443 et
324 1380 354 1457 ⁴)
366 1378 561 1462 manegium
582 1368 697 1455 hahat,
727 1381 959 1461 protrudendus
976 1381 1155 1456 videretur,

146 1479 332 1547 continuisti
346 1493 396 1558 te,
428 1494 460 1543 et
476 1482 525 1557 ”t
545 1478 780 1544 existimationis
798 1481 970 1545 habendam
990 1492 1049 1543 tuaa
1062 1481 1159 1544 r'atio·

149 1602 228 1643 nem
252 1580 378 1661 putasti.
430 1584 479 1645 'l'e
506 1581 603 1662 igitur
626 1593 712 1643 recte
737 1582 938 1662 prudentem,
977 1600 1015 1644 ac
1042 1581 1158 1646 fortem

145 1681 341 1765 principem,
374 1693 406 1745 et
434 1683 563 1766 dignum
588 1678 658 1762 ejus
684 1681 787 1761 gentis
813 1683 963 1764 imperio,
1001 1702 1071 1766 qna
1093 1685 1159 1745 sola

147 1784 383 1847 Germaumm
401 1784 580 1858 nationum,
599 1803 722 1862 semper
740 1781 855 1844 invicta
869 1782 950 1845 bello
968 1783 1069 1858 stetit,
1089 1806 1158 1868 que

142 1906 209 1947 una
227 1896 396 1949 externum
416 1874 577 1967 dunquam
599 1881 721 1945 admisit
739 1882 926 1957 Dominarum
962 1907 1029 1967 quse
1052 1885 1159 1949 fortis·

145 1984 243 2047 simos
267 1985 359 2048 nohis
383 1984 590 2065 imperatores
617 1983 720 2058 dedit,
754 1984 1020 2065 praestantissimos
1044 1987 1158 2061 duces3

146 2084 234 2149 irride
253 2095 318 2149 tres
340 2086 502 2159 othones,
531 2084 591 2146 tria
608 2083 781 2147 Gennaniaa
799 2085 932 2162 lumina,
962 2086 1159 2165 prodierunt.

145 2188 188 2249 Et
211 2187 275 2248 hoc
304 2196 341 2247 tu
370 2184 555 2274 integritatis
582 2197 641 2249 tuae
668 2187 892 2249 documentum
919 2187 1060 2261 (testeris,
1098 2208 1158 2250 vos

146 2296 253 2347 autem
263 2285 378 2368 relitpii
398 2286 561 2361 Germani,
593 2307 634 2348 ne
653 2285 745 2349 sinite
762 2286 878 2349 frustra
897 2289 959 2348 hoe
976 2286 1066 2347 vobis
1085 2308 1159 2367 pro·

147 2384 289 2465 positum
309 2388 506 2468 exemplum,
536 2398 568 2447 et
585 2385 748 2449 fortissuni
773 2387 833 2448 viri
850 2388 966 2447 tactum
987 2384 1159 2447 imitatione

149 2486 368 2565 comprobate!
418 2489 510 2570 Nego
546 2497 675 2569 propter
704 2487 839 2568 aliquem
876 2485 992 2564 optime
1027 2487 1068 2547 de
1098 2488 1159 2547 hoe

148 2585 281 2669 imperio
297 2588 459 2663 meritum,
487 2588 526 2653 ah
546 2588 668 2662 officio,
703 2607 739 2649 ae
756 2586 906 2667 dignitate
927 2586 1082 2648 ‹lecedere
1100 2607 1159 2651 vos

145 2687 346 2769 oportuisse,
383 2698 502 2771 quanto
526 2687 629 2749 minus
654 2686 688 2749 in
707 2686 891 2749 tractatione
914 2685 1003 2768 ejus,
1035 2686 1090 2770 qui
1115 2688 1160 2749 sic

143 2806 238 2861 reus,
263 2786 309 2851 sic
326 2788 487 2851 damnatus
502 2800 560 2852 eat.
600 2788 706 2870 Quiri
728 2789 812 2852 alind
826 2788 901 2851 nihil
923 2790 1159 2866 commississet,

144 2908 241 2971 qaum
258 2888 349 2970 quod
367 2909 455 2953 suam
468 2910 619 2964 uxorem,
638 2888 861 2954 nobilissimam
876 2889 1049 2966 foeminam,
1075 2892 1160 2953 omni

143 2987 241 3051 animi
277 3008 314 3051 ac
350 2989 493 3071 corporis
531 2990 760 3070 pulchritudine
804 2993 1048 3072 praecellentem,
1099 3003 1161 3055 tam

142 3108 277 3167 spurce,
295 3100 358 3151 tam
374 3088 468 3171 impie
486 3091 644 3166 tractavit,
663 3091 829 3175 indignum
842 3093 897 3177 qui
913 3113 985 3156 enm
997 3095 1160 3176 negotium

142 3188 293 3271 cuiquam
304 3201 403 3265 esset,
416 3190 578 3270 putaretis.
598 3193 689 3254 Nunc
700 3191 803 3254 dirum
815 3239 823 3267 ,
844 3205 875 3253 et
886 3193 1017 3254 immane
1032 3196 1160 3276 excogi-

144 3300 215 3351 tare
233 3288 310 3352 nihil
326 3303 448 3372 potest,
479 3291 569 3373 cujus
589 3292 649 3355 sihi
667 3294 812 3357 conscius
828 3316 894 3356 non
912 3293 971 3369 sit,
992 3294 1047 3376 qui
1064 3290 1160 3355 maii·

142 3410 271 3453 morum
297 3396 450 3457 scelerum
479 3414 625 3473 compos,
670 3396 765 3458 atadet
803 3393 904 3477 armis⁴
933 3392 1092 3476 experiri,
1131 3402 1169 3480 et

141 3491 296 3574 judicium
312 3494 448 3576 speruit,
468 3506 500 3555 et
514 3506 708 3557 accusatores
722 3516 800 3571 uos,
821 3517 957 3578 qtaorrtm
977 3496 1161 3579 sangninem

143 3592 300 3675 prodidit,
338 3616 375 3656 ae
397 3593 551 3674 perdidit,
591 3596 674 3657 bello
704 3608 876 3674 provocat,
917 3607 1042 3659 etcum
1067 3596 1162 3678 hujus

144 3692 272 3774 imperii
300 3695 443 3759 hostibus
471 3718 558 3759 satam
590 3694 766 3769 andaciam,
809 3718 897 3759 stram
932 3696 1163 3779 improbitatem

143 3797 365 3862 communicat.
417 3799 565 3882 Denique
588 3799 622 3860 id
646 3797 767 3870 studet,
800 3806 836 3855 ut
863 3798 968 3861 omnia
989 3796 1092 3883 esda,
1127 3816 1165 3861 ae

143 3897 295 3961 incendio
317 3900 517 3967 misceantur.
569 3889 713 3980 Quonim
736 3894 811 3957 nihil
829 3886 1097 3973 moliretur,'rtisi
1121 3918 1165 3963 ex

142 4018 206 4061 sua
230 4008 340 4061 natans
368 4020 427 4062 vos
448 4002 593 4083 tingeret.
649 3999 747 4080 Quasi
773 3997 898 4060 tarttlem
928 3995 960 4056 lii
988 3992 1072 4073 sitii,
1107 3994 1164 4079 qui

143 4097 254 4160 onmia
273 4099 419 4163 omnibus
437 4103 554 4163 seelera
573 4101 777 4175 condonetis,
806 4094 965 4159 adomnia
983 4092 1104 4177 παι-Μ
1127 4116 1165 4159 ae

141 4198 268 4262 nefaria
288 4201 495 4265 conniveatis.
533 4204 575 4262 Et
602 4201 652 4263 hie
673 4201 756 4275 talia,
791 4210 958 4281 tantusque
983 4199 1080 4273 latre,
1110 4197 1164 4259 ali·

142 4300 276 4385 wando
296 4302 366 4380 (Dii
383 4304 569 4367 immortales
580 4302 602 4377 l)
621 4301 670 4379 vi,
691 4300 799 4377 aruris,
819 4300 1018 4385 pecuniaque
1036 4298 1164 4361 anobis

175 4532 269 4603 ⁴)rt.
292 4556 328 4589 ac.
366 4534 525 4603 *⁸)et,ae.
828 4528 842 4546 ‘'
915 4534 940 4587 ἐ·
970 4564 973 4569 -
1004 4502 1012 4539 i
1125 4530 1151 4583 ψ’
