2624 5108
314 770 318 781 '
408 774 454 847 de
479 795 555 847 non
579 769 707 846 dandis
730 772 903 848 Decimio.
1091 778 1159 851 551

145 965 229 1028 intus
248 968 340 1047 lupos
358 984 487 1046 rapaces
506 975 611 1046 agunt.
641 964 723 1027 Mihi
737 963 837 1046 justus
854 966 947 1028 dolor
965 979 1026 1044 est,
1052 968 1095 1030 ob
1106 990 1160 1032 ne·
1267 976 1274 983 ‘

143 1065 254 1131 fariam
280 1065 440 1127 avaritiam
471 1075 570 1127 toturn
598 1064 748 1129 mundum
775 1066 835 1128 sub
858 1067 968 1130 umbra
998 1065 1160 1150 religionis

143 1166 344 1246 polluentem.
391 1167 500 1246 Quem
516 1165 599 1226 enim
618 1165 739 1238 locum,
771 1166 969 1247 quantumvis
989 1167 1161 1231 obscurum

141 1263 192 1326 illa
215 1265 405 1346 contagione
431 1285 497 1326 non
517 1264 759 1326 contaminatum
782 1264 954 1327 ostendas?
997 1268 1074 1346 Quae
1094 1288 1159 1329 res·

142 1363 269 1444 publiea
296 1386 360 1428 non
391 1366 486 1427 multa
516 1362 641 1429 amisit?
681 1363 761 1444 Quis
788 1363 935 1445 princeps
964 1364 1015 1444 jus
1041 1366 1160 1430 avitum

143 1477 246 1527 seruat
273 1463 457 1546 integrum?
502 1466 579 1546 Quae
612 1463 811 1526 sacerdotum
838 1463 970 1544 collegia
997 1485 1062 1527 uon
1087 1477 1161 1529 suut

143 1565 374 1627 contaminata?
393 1565 464 1647 quis
480 1562 632 1645 pessimos
645 1582 750 1626 mores
769 1564 921 1644 (quorum
938 1563 1030 1631 ctiam
1042 1586 1160 1629 nomen

143 1675 210 1728 erat
227 1665 310 1743 apud
326 1675 451 1727 nostros
468 1661 603 1744 majores
622 1662 868 1739 abhorrendum)
888 1663 1010 1734 induxit
1031 1664 1063 1727 in
1079 1666 1159 1727 Ger·

139 1764 297 1828 maniam?
328 1767 369 1826 Et
387 1779 456 1848 que
474 1767 605 1827 honeste
622 1761 775 1824 nominari
789 1780 853 1823 uon
872 1775 1004 1842 possunt
1027 1766 1163 1828 docuit?

143 1863 198 1946 qui
224 1864 382 1926 fundarunt
403 1864 566 1925 hominum
589 1861 775 1924 societates?
812 1862 867 1946 qui
887 1876 1005 1927 norunt
1027 1865 1158 1948 egregie

140 1963 266 2037 luttere,
314 1962 480 2043 (decipere,
521 1959 683 2045 pejorare,
727 1971 905 2024 testamenta
943 1964 1162 2043 supprimere,

142 2061 249 2125 divina
272 2073 303 2123 et
319 2063 451 2125 humana
468 2062 651 2142 profanare,
680 2062 812 2124 miscere
833 2062 918 2135 lites,
940 2062 1066 2144 quietos
1085 2085 1157 2144 per·

140 2152 288 2236 tutliare,
313 2162 451 2244 denique
469 2164 579 2224 coelum
605 2183 676 2225 cunt
695 2173 776 2224 terra
800 2159 1021 2224 confundere?
1050 2179 1160 2223 nonne

143 2285 162 2326 e
178 2265 338 2336 Romana,
360 2264 528 2349 Italicaque
539 2263 691 2343 proluvie
705 2263 762 2327 ista
779 2262 900 2322 sentina
914 2277 984 2321 sese
999 2257 1031 2320 iu
1047 2258 1158 2321 orbem

141 2372 293 2425 terreum
315 2364 449 2426 effudit?
467 2364 560 2428 Adeo
582 2375 618 2425 ut
635 2385 676 2425 ue
699 2366 793 2425 saltus
808 2371 841 2422 et
861 2360 954 2438 sylvae
973 2357 1042 2436 (ubi
1059 2359 1157 2421 lustra

141 2461 280 2527 ferarum
302 2471 420 2525 tantum
441 2483 511 2525 esse
537 2463 681 2539 duxeris)
705 2464 766 2524 hoe
785 2462 867 2523 maio
890 2470 1025 2521 careant.
1064 2456 1156 2537 Epis·

141 2582 240 2641 copus
263 2562 374 2624 merito
397 2573 611 2626 sacrosanctos
637 2583 706 2624 esse
731 2561 878 2635 dicimus,
908 2559 966 2623 sed
982 2559 1154 2641 prodeant,

142 2661 257 2745 quihus
280 2672 327 2722 cst
347 2662 437 2724 illaesa
454 2684 511 2727 sua
533 2659 708 2724 autoritas?
740 2663 783 2724 Et
805 2662 889 2723 hunc
910 2659 1009 2722 veluti
1033 2657 1154 2722 bonurn

140 2762 232 2823 valde
257 2772 288 2822 et
312 2782 416 2825 rarum
449 2763 563 2825 merito
588 2760 803 2842 suspiciemus.
859 2762 933 2825 Non
960 2771 1033 2824 sunt
1057 2762 1154 2841 longe

140 2862 275 2945 petenda
307 2865 458 2943 exempla.
513 2860 656 2925 Sermoni
684 2882 755 2923 meo
784 2861 878 2923 fidem
910 2858 1076 2924 conciliant
1101 2880 1153 2922 res

141 2972 262 3024 restrae.
302 2963 384 3024 Ante
398 2983 506 3024 omues
525 2973 700 3042 protectum
718 2980 787 3023 esse
807 2960 949 3042 oportuit
960 2959 1154 3042 Episcopum

141 3059 406 3139 Bambergeusem
424 3063 462 3122 ab
482 3065 538 3123 hac
556 3072 660 3141 peste,
688 3061 730 3122 oh
747 3060 887 3140 ingentia
906 3061 991 3124 dona
1013 3060 1046 3122 iu
1067 3059 1154 3122 ltalia

142 3157 289 3220 Pontifici
314 3159 427 3243 largita*
448 3159 486 3218 ab
512 3161 653 3223 Henrico
682 3161 888 3243 imperatore,
931 3180 998 3245 quo
1024 3160 1153 3231 domum

142 3278 228 3319 suam
246 3270 353 3325 contra
374 3259 528 3320 Romanas
550 3259 746 3324 incursiones
770 3260 958 3325 obuncum
977 3269 1050 3340 post
1069 3278 1154 3320 mor·

141 3369 204 3419 tem
227 3378 313 3420 suam
331 3358 533 3441 relinqueret.
571 3360 749 3425 Verebatur
768 3361 818 3423 vir
838 3359 992 3441 providus
1012 3358 1045 3420 id
1065 3357 1155 3442 quod

141 3467 250 3537 postea
264 3457 385 3518 accidit.
406 3459 601 3531 Latrociuari
615 3461 706 3543 coepit
721 3459 918 3542 superstitio,
938 3458 995 3522 sed
1011 3458 1152 3523 nondum

140 3566 224 3618 tanta
246 3557 362 3618 eratin
381 3559 505 3619 saeculo.
541 3559 702 3622 Violetum
719 3559 769 3639 jus
792 3572 839 3622 est
851 3570 914 3635 ,·ut
931 3570 1055 3625 servata
1072 3558 1151 3620 fides

141 3667 249 3720 sancto
266 3657 343 3719 seni.
385 3659 447 3720 Sed
462 3658 539 3743 quid
554 3676 615 3740 ego
635 3657 694 3721 ista
714 3677 944 3731 commemoro,
965 3679 1034 3739 quae
1050 3658 1154 3718 decla-

141 3755 284 3819 mationis
310 3761 453 3840 exempla
478 3750 651 3839 superant?
688 3756 741 3819 ad
771 3755 948 3819 instituituu
974 3774 1154 3819 sennonem

141 3857 250 3918 redeo.
304 3859 440 3921 'l'urczun
470 3856 639 3940 profligare
667 3854 786 3920 vultis?
827 3852 923 3921 leudo
954 3852 1153 3936 propositum

142 3955 197 4016 aed
217 3958 417 4020 vehementer
441 3978 557 4022 vereor
572 3978 613 4019 ue
638 3957 748 4020 erretis
768 3956 802 4018 iu
827 3954 965 4025 nomine.
1009 3954 1047 4017 In
1065 3953 1153 4016 ltalia

142 4054 287 4137 querite,
307 4057 418 4119 nonin
433 4057 519 4121 Asia.
557 4056 677 4121 Contra
691 4057 863 4120 Asiaticum
879 4054 1014 4139 quisrpte
1026 4066 1153 4123 nostro·

141 4172 212 4215 rum
228 4175 339 4236 regum
357 4176 424 4234 pro·
436 4157 550 4221 finibus
568 4157 633 4219 suis
652 4156 858 4220 defendendis
877 4177 935 4237 per
953 4176 988 4218 se
1004 4155 1077 4218 satis
1092 4167 1149 4220 est.

142 4253 194 4313 Ad
217 4256 345 4315 alterum
364 4275 442 4315 vero
458 4255 648 4319 domandum
666 4267 750 4320 totus
772 4256 858 4320 orbis
875 4254 1069 4319 Christianus
1084 4277 1150 4320 nou

142 4353 261 4416 sufficit.
313 4353 366 4417 ille
392 4369 464 4420 eum
489 4353 625 4421 finitimis
653 4378 783 4443 quoquo
810 4359 1015 4433 tumultuans,
1055 4359 1147 4423 uobis
