2850 4732
416 446 463 520 ad
486 447 652 522 Leonem
677 445 725 521 X.
750 447 931 546 praefatio.
1108 445 1175 520 itt

169 640 414 722 auspicatissimo
432 640 516 721 pac‘n
537 640 670 704 mborto
688 640 811 715 sidere,
839 660 883 702 ex
911 638 1058 704 diuturna
1076 650 1180 719 tyram

167 742 249 804 nidis
270 740 425 825 caligine,
453 742 492 804 ad
517 762 631 804 novam
657 740 806 804 libertatis
834 743 935 804 lucem
952 740 1090 822 respicit.
1130 742 1180 804 Te

167 861 244 904 vere
272 841 454 920 pontificem
480 853 605 916 autem,
642 840 697 924 qui
723 861 832 923 pacem
860 839 983 916 adfers,
1009 851 1103 924 quam
1125 839 1181 922 qui

168 963 234 1006 uois
253 943 432 1006 habuerunt
449 953 663 1006 antecessores
682 941 745 1017 tui,
772 939 937 1023 pontifices
957 961 1023 1004 non
1042 941 1181 1004 suemus.

169 1044 282 1126 Neque
313 1043 397 1106 enim
429 1043 642 1126 sequebantur
676 1041 854 1115 Christum,
895 1040 952 1124 qni
980 1059 1089 1122 pacem
1117 1039 1182 1102 suis

167 1143 274 1219 dedit,
315 1145 511 1228 eandemque
541 1139 765 1206 baeredrtariam
794 1141 939 1224 reliquit,
983 1142 1099 1206 Pacem
1135 1138 1184 1202 in·

167 1244 281 1328 quiens
307 1265 409 1310 meam
433 1245 476 1306 do
504 1244 610 1320 nobb,
645 1263 754 1324 pacem
779 1263 880 1306 meam
904 1241 1050 1325 relinquo
1077 1239 1180 1304 vobis.

168 1345 270 1429 Igitur
297 1357 330 1408 et
358 1343 467 1408 vicarii
497 1341 567 1423 ejus
597 1363 664 1406 non
690 1341 835 1418 inerunt,
870 1342 961 1421 eujus
986 1342 1088 1404 vicem
1115 1359 1182 1402 non

166 1457 347 1510 tennerunt.
384 1445 447 1508 Dei
465 1444 549 1510 enim
567 1463 721 1526 regnare,
746 1455 793 1506 est
812 1463 920 1524 pacem
939 1455 1065 1516 tenere,
1086 1440 1181 1504 immo

167 1545 345 1610 alienissimi
369 1535 501 1606 fuciunt
528 1564 546 1606 a
573 1542 717 1620 Christo,
757 1541 849 1624 cujus
875 1544 1031 1625 aspernati
1059 1538 1181 1615 stantia,

167 1645 327 1709 diversum
352 1644 423 1706 vitae
449 1664 550 1727 genus
571 1643 671 1710 secuti
689 1655 774 1709 sunt.
810 1643 896 1708 litias
921 1665 982 1727 pax
1002 1656 1050 1708 est
1075 1642 1179 1718 enim,

166 1745 198 1808 bi
226 1745 307 1809 belia
334 1743 558 1830 sequebantur.
611 1743 667 1809 Ille
698 1765 825 1810 sensere
856 1746 1003 1808 docendo
1038 1743 1179 1806 homines

166 1845 303 1921 studuit,
323 1844 356 1907 bi
376 1845 511 1924 perdere
529 1845 622 1908 armis
642 1847 831 1929 satagebant.
871 1844 926 1906 lile
945 1864 1039 1912 ansam
1057 1845 1181 1904 coeleste

166 1965 236 2010 esse
270 1963 404 2026 regnum
433 1944 588 2022 ostendit,
630 1944 662 2009 bi
686 1946 789 2026 primo
815 1949 887 2008 loco
913 1942 1023 2006 mundi
1052 1941 1184 2022 imperia

167 2041 388 2129 quaesiverunt.
437 2045 526 2128 Ergo
555 2063 616 2107 nee
649 2046 733 2110 beati
763 2047 915 2129 suerunt,
954 2043 1030 2127 quia
1059 2041 1183 2125 pacifici

166 2164 233 2206 non
250 2142 390 2238 inerunt.
428 2145 497 2206 Nec
522 2145 581 2218 iiiii
601 2147 663 2210 Dei
688 2147 838 2221 inerunt,
863 2144 938 2229 quia
962 2143 1061 2234 beati,
1090 2141 1182 2206 Chri·

166 2255 233 2310 stus
253 2242 374 2327 inquit,
394 2243 535 2326 pacifici,
561 2246 710 2330 quoniam
730 2246 929 2310 vocabuntur
947 2244 1002 2308 iiiii
1021 2243 1093 2308 Dei.
1131 2237 1183 2304 En

165 2365 223 2430 per
241 2356 272 2406 te
291 2355 494 2410 restauratam
512 2367 622 2429 pacem
640 2345 756 2429 igitur,
784 2367 853 2428 quaa
873 2343 1007 2410 istorum
1025 2342 1183 2428 perversi·

165 2455 227 2508 tate
255 2445 390 2525 astapsa
415 2445 586 2511 ferebatur.
640 2447 748 2529 Atque
777 2449 857 2514 hanc
891 2445 1004 2510 literati
1042 2445 1183 2525 inprimis

165 2545 308 2610 homines
326 2566 441 2630 magno
456 2558 644 2629 acceperunt
656 2547 826 2612 exhibente
841 2559 873 2610 te
887 2547 1018 2631 gaudio.
1058 2547 1182 2612 Deinde

163 2645 186 2711 ii
208 2661 357 2728 elisoque,
391 2667 409 2708 a
438 2646 554 2730 qaribus
580 2642 695 2729 injuste
721 2649 822 2712 ablata
847 2671 906 2731 per
924 2649 1070 2712 fraudem
1087 2650 1187 2716 multa

165 2746 308 2821 buerant,
341 2745 541 2828 cupidissime
567 2749 725 2830 complexi
749 2761 832 2814 sunt.
877 2747 978 2813 Venit
1000 2750 1085 2814 enim
1110 2770 1189 2814 cum

164 2865 341 2928 pacouna,
373 2845 560 2916 restituente
579 2859 628 2924 te,
663 2849 798 2928 justitia,
830 2850 981 2934 quomam
999 2848 1090 2929 juxta
1108 2870 1187 2932 pro·

163 2949 263 3027 phetae
281 2944 431 3024 verbum,
461 2948 524 3012 hoe
549 2948 747 3027 potissimum
763 2963 908 3033 tempore
928 2950 1047 3033 justitia
1065 2962 1098 3016 ct
1119 2971 1182 3030 pax

164 3047 308 3112 oseniate
333 3057 417 3110 sunt.
462 3049 561 3112 Venit
587 3063 619 3114 et
647 3054 745 3128 fides,
784 3065 816 3118 et
840 3054 892 3116 iiia
918 3053 1005 3116 venit
1031 3050 1182 3132 temporis

163 3145 225 3210 fflia
252 3145 384 3223 veritas,
425 3169 462 3210 ac
490 3151 585 3234 regie
613 3151 737 3216 abunde
766 3154 918 3228 virtutes,
958 3152 1122 3216 clementia
1151 3161 1184 3214 et

162 3247 382 3314 mansuetudo.
421 3250 537 3326 Vides,
566 3264 646 3336 quot
663 3253 754 3318 abnul
773 3253 933 3316 bonorum
952 3265 1063 3318 auctor
1082 3251 1183 3316 fueris

132 3429 134 3434 ,
162 3359 227 3415 Lao
244 3360 387 3414 decime?
426 3354 478 3413 'l'n
508 3373 618 3432 pacem
647 3351 815 3426 adserens,
856 3341 940 3433 pacis
973 3353 1085 3427 simul,
1120 3354 1186 3416 hoe

163 3462 211 3514 cst
248 3451 447 3531 optimarum*
465 3453 577 3516 ortium
613 3452 762 3516 invexisti
795 3453 918 3526 studia,
964 3463 995 3514 et
1032 3451 1183 3531 justitiam

160 3551 341 3627 reddidisti,
380 3553 454 3637 quia
481 3553 513 3615 iu
539 3574 617 3636 pace
640 3553 727 3634 teges
752 3562 843 3625 arnt,
882 3571 924 3612 ex
950 3550 1073 3634 legibus
1100 3569 1180 3614 vcro

160 3649 278 3730 justitia
312 3663 379 3726 est;
418 3664 449 3715 et
477 3652 653 3718 libertatem
687 3650 860 3726 reduxisti,
909 3669 1004 3731 quam
1036 3647 1189 3716 comitata

160 3751 296 3826 veritas,
333 3772 448 3834 magno
478 3763 510 3815 et
540 3754 607 3836 ipsa
636 3765 817 3835 temporum
844 3763 975 3814 ntorum
1000 3749 1181 3814 hominibus

159 3853 371 3914 emolumento
396 3852 474 3928 init,
509 3877 571 3936 pax
603 3856 718 3926 etenim
746 3877 815 3920 esse
844 3853 877 3916 in
903 3853 1067 3933 tyrannide
1097 3853 1182 3916 nulia

159 3961 280 4032 potest,
301 3950 375 4034 quia
391 3973 484 4014 suum
503 3953 619 4038 cuique
640 3971 789 4034 nonest,
818 3969 849 4022 et
869 3956 944 4039 quia
962 3956 1051 4037 leges
1074 3955 1181 4036 oppri-

160 4061 249 4114 munt
266 4051 404 4134 tyranni,
425 4073 484 4114 nce
504 4073 614 4118 vestrm
634 4054 740 4120 dicere
758 4060 851 4135 iicet,
873 4055 948 4142 rpria
967 4055 1094 4124 libertas
1114 4077 1180 4122 noa
