2624 5108
540 886 672 967 Nemo.
1047 898 1119 972 307

96 1080 319 1165 expectatione
340 1076 463 1161 fessos,
497 1082 697 1162 advenienti,
737 1098 976 1163 occurssturos,
1013 1087 1118 1151 obviis

94 1183 240 1247 messibus
257 1196 467 1264 excepturos,
493 1184 607 1249 blande
629 1184 735 1270 eliqua
750 1187 935 1269 praefatione
951 1190 1119 1255 salutatum

94 1286 346 1365 amplexeturos,
366 1286 576 1368 gratuleturos
589 1287 795 1353 incolumitati
810 1309 904 1365 mese,
924 1290 1117 1373 probaturos

95 1384 276 1466 quodcum
298 1386 406 1464 patriis
426 1387 531 1451 Musis
549 1388 712 1452 rediissem
732 1388 765 1451 in
786 1388 942 1473 gratim
975 1392 1020 1453 Ar
1038 1412 1117 1472 peu·

94 1483 235 1548 cioribns
260 1506 343 1548 curse
368 1486 499 1551 fuerunt
517 1490 583 1550 hec
609 1510 704 1573 qnsrn
722 1490 840 1571 reperti
862 1501 952 1565 sunt,
986 1490 1043 1574 qui
1065 1510 1117 1555 me

92 1594 280 1647 accusarent
304 1585 408 1649 ctiam.
453 1589 524 1651 anr
549 1588 633 1653 eninr
652 1588 737 1653 lame
754 1601 970 1671 processerat,
999 1591 1117 1674 quibus

92 1684 208 1749 studiis
226 1705 320 1768 quarn
336 1705 465 1765 operam
479 1688 718 1770 impendissent.¹
749 1690 862 1775 lteque
880 1691 1118 1773 reprehendere
1225 1751 1228 1757 .

93 1804 223 1862 omtres,
243 1805 279 1847 ec
292 1784 409 1849 frustra
423 1786 604 1867 laborasse,
624 1798 657 1851 et
669 1800 792 1872 tempus
805 1790 981 1872 perdidisse
996 1790 1116 1857 dicere.
1186 1840 1192 1850 ·
1233 1779 1310 1883 ''.'·].',

91 1886 202 1969 Atque
221 1904 262 1947 eo
280 1886 423 1949 omnium
437 1888 564 1952 tandem
579 1889 688 1953 calculi
704 1889 842 1971 conjecti
861 1903 952 1968 sunt,
972 1902 1007 1955 et
1024 1890 1119 1977 qnod
1190 1870 1290 1941 ''·'·'-''·''·

91 1985 151 2049 vix
176 1986 296 2061 credis,
333 1986 367 2049 in
393 1989 494 2069 petris
516 1989 612 2053 miser
634 1990 744 2055 inveni
768 1991 953 2067 Nemineni,
989 2010 1117 2076 equuus

91 2086 272 2150 studiorum
288 2106 435 2153 meorum
455 2086 605 2171 judicem.
648 2092 739 2155 Illum
757 2092 832 2157 vide
849 2092 1032 2170 Neminem,
1058 2091 1117 2176 qui

90 2189 155 2252 boc
181 2188 224 2252 dc
252 2208 288 2252 se
316 2189 413 2251 dicit:
457 2190 560 2255 lle-o
590 2190 691 2255 refert
715 2193 828 2257 studiis
859 2192 985 2275 premis
1018 2191 1116 2271 digus
1196 2228 1204 2243 ι

91 2286 198 2352 bonis.
247 2290 323 2351 Non
342 2289 447 2366 aliter,
477 2300 574 2374 etque
593 2290 644 2354 illc
665 2313 728 2375 ego
750 2293 809 2356 sim
835 2293 989 2355 decoctor
1012 2289 1113 2367 lilius,

93 2388 152 2473 qui
166 2390 208 2453 nl
223 2410 396 2471 porcorum
409 2390 501 2454 baras
519 2403 551 2453 et
566 2393 827 2455 commessandas
835 2391 964 2475 siliquas
979 2390 1116 2473 relegari

94 2482 236 2553 debeam.
280 2492 348 2555 Aut
372 2510 439 2553 non
460 2492 571 2555 melius
594 2491 635 2556 sit
658 2493 701 2556 itu
720 2493 896 2568 studuisse,
929 2512 1024 2574 quom
1048 2499 1115 2553 stu·

93 2588 200 2655 duisse
229 2590 360 2655 omnino
389 2590 477 2655 nihil.
524 2592 605 2655 Nem
631 2610 673 2655 ex
700 2591 888 2675 equalibus,
925 2590 981 2675 qui
1006 2610 1114 2672 neque

90 2690 197 2755 literas
211 2711 320 2775 neque
332 2702 439 2755 uetare
452 2692 648 2769 didicerunt,
669 2690 744 2755 nilril
762 2690 972 2753 offendebant.
1016 2691 1112 2755 Adeo

90 2791 190 2856 tutius
219 2803 283 2868 est,
317 2813 383 2854 non
409 2794 555 2868 studere,
588 2814 683 2874 quam
704 2792 751 2856 sic
776 2792 916 2855 studere.
969 2792 1012 2855 Et
1033 2793 1114 2855 benc

92 2891 225 2978 quidem
240 2892 439 2975 impegerunt
455 2893 530 2955 rnihi
550 2895 689 2973 culpam,
708 2905 743 2955 ut
760 2903 859 2971 esset,
878 2891 969 2977 quod
983 2888 1114 2955 duritiei

89 3016 156 3059 susc
166 3003 354 3074 praetextum
366 2994 584 3057 obtenderent.
624 2990 929 3077 Tuncqueprirnuns
945 2992 1113 3076 divagetur

92 3106 144 3159 est
162 3116 292 3170 rumor,
316 3094 392 3157 nihil
409 3094 556 3159 didicisse
569 3115 638 3169 me,
657 3114 693 3155 ec
708 3112 778 3157 esse
797 3092 891 3169 nibil,
918 3090 1042 3175 magnis
1061 3092 1114 3155 itte

93 3193 224 3277 quidem
241 3194 417 3257 sutoribus.
453 3195 534 3258 Nem
551 3194 607 3257 ubi
624 3194 658 3256 in
674 3194 743 3255 illos
761 3193 833 3277 quis
851 3191 998 3255 inciderit
1017 3191 1114 3273 jacte-

93 3306 184 3359 tores
200 3296 360 3377 leguleos,
385 3304 439 3357 aut
455 3294 495 3357 ed
517 3296 576 3356 hos
590 3293 744 3375 adpulerit
761 3291 988 3376 superciliosos
1004 3292 1112 3355 Tbeo·

91 3394 243 3481 legistas,
271 3416 338 3459 non
361 3395 435 3458 dico
455 3396 618 3477 quomodo
640 3405 749 3476 posset
775 3394 857 3459 scire
881 3391 1018 3477 aliquid,
1049 3393 1114 3455 bec

89 3497 183 3574 dico,
202 3495 368 3580 quomodo
387 3505 495 3578 posset
515 3514 585 3558 esse
606 3494 751 3578 aliquid?
783 3495 947 3581 Diogenes
970 3490 1113 3575 Cynicus

89 3602 177 3663 ultro
195 3597 271 3661 nibil
289 3597 371 3659 scire
389 3596 456 3657 vult
474 3605 546 3674 post
564 3615 657 3669 eutn,
684 3594 741 3677 qui
759 3595 865 3657 omnin
881 3593 962 3658 scire
981 3594 1113 3675 prolite-

91 3712 163 3777 tur,
205 3710 237 3761 et
268 3716 337 3761 esse
365 3693 483 3779 aliquid
508 3692 681 3757 contendit.
733 3691 773 3755 ld
796 3694 886 3778 quod
918 3714 981 3777 ego
1011 3695 1115 3758 adhuc

91 3798 249 3883 consequi
265 3810 312 3860 tot
331 3795 492 3863 laboribus
513 3816 580 3859 non
597 3791 698 3876 potui.
736 3792 817 3854 Nsun
833 3813 907 3855 essm
923 3791 1006 3857 irster
1023 3813 1113 3857 meos

92 3920 208 3965 versor
232 3897 386 3981 Equites,
413 3896 498 3961 baud
516 3914 685 3968 numeror,
718 3889 849 3953 existis
872 3911 952 3955 vero
976 3891 1113 3955 indoctis

84 4000 196 4066 doctis
214 4019 310 4063 nemo
324 4018 375 4061 me
393 3996 546 4081 agnoscit.
583 3996 633 4059 Ac
648 3991 774 4069 nescio,
795 4014 835 4057 err
850 3991 983 4072 alicujus
999 4011 1115 4055 eorum

88 4100 204 4165 umbre
226 4097 297 4163 sint.
349 4099 398 4162 lte
425 4099 517 4178 plene
544 4116 612 4159 non
640 4094 742 4158 sentio
776 4092 845 4175 ipse
875 4112 944 4169 me,
985 4090 1112 4177 quoties

89 4220 149 4267 sus
174 4199 280 4266 studia
307 4198 494 4282 predicent,
524 4217 614 4261 suam
639 4195 871 4270 eruditionem,
901 4213 960 4257 sue
985 4192 1115 4278 trigenis

92 4301 276 4365 ostendunt,
342 4301 387 4363 At
423 4318 504 4361 vcro
546 4297 582 4361 in
608 4316 676 4363 nnc
715 4293 870 4381 quicquid
909 4305 971 4372 est,
1028 4292 1116 4357 omni

90 4412 277 4483 contemptu
313 4398 526 4481 contemptius
558 4394 709 4479 judicent.
764 4394 860 4458 Tune
888 4392 1044 4479 jectentttr
1073 4392 1115 4459 eb

45 4575 48 4581 ,
91 4500 199 4569 esen
217 4509 341 4591 Feltns',
387 4506 502 4585 sust,
534 4502 706 4585 Bm,
748 4504 904 4572 Jcscnss,
941 4503 1114 4579 Accurrit,
