2624 5108
434 853 666 929 Maximiani
691 826 857 933 emon.
1083 868 1153 945 eet

145 1049 277 1120 Europe
298 1057 384 1120 atque
405 1048 483 1105 Asia
500 1046 658 1120 domuisti,
677 1059 706 1105 et
724 1050 839 1108 Punice
856 1070 947 1125 regne
957 1098 967 1126 ,

215 1147 262 1197 An
281 1160 355 1210 rogo
375 1142 455 1211 quod
471 1142 579 1213 pudent
596 1142 718 1211 dicere,
740 1161 826 1216 pastu
842 1148 940 1207 nihil?

144 1236 257 1308 Aspice
279 1236 424 1289 ioedantes
442 1234 592 1290 incensum
609 1236 743 1291 Senones
758 1239 867 1295 urbem
876 1280 887 1308 ,

213 1327 406 1396 Patricioque
424 1338 527 1397 putres
546 1329 687 1396 sanguine
705 1341 782 1402 sture
801 1330 873 1387 virs.

147 1420 228 1495 Quid
245 1436 415 1475 memorem
432 1419 524 1473 lectas
542 1436 620 1492 saepe
638 1421 773 1478 emisisse
791 1425 958 1482 cohortes?
1031 1460 1043 1479 .

215 1512 313 1587 Quale
331 1513 383 1566 tibi
403 1512 544 1583 imposuit
562 1514 677 1568 Samnis
694 1531 805 1587 aquosa
818 1517 947 1586 jugum?
1064 1546 1067 1553 ·

146 1602 246 1682 Quem
265 1607 325 1661 cito
345 1606 381 1658 de
402 1605 507 1661 Siculis
524 1605 663 1677 pepulisti
680 1606 788 1665 finibus
805 1600 919 1666 Afros?
956 1652 960 1663 .

212 1697 395 1753 Dissimules
413 1697 512 1751 fictum
530 1698 639 1768 saepius
660 1714 726 1753 esse
743 1700 822 1756 licet.

144 1791 237 1845 Arma
255 1789 302 1844 bis
321 1800 451 1851 octonos
467 1789 554 1851 Poeui
571 1791 715 1850 tolerasse
732 1810 789 1865 per
805 1811 918 1863 minos,

213 1884 303 1938 Clade
322 1894 370 1937 tua
389 1884 470 1938 testis
488 1884 628 1955 proxima
649 1901 681 1940 er
697 1887 759 1958 ipse
774 1888 840 1943 tibi.

147 1975 250 2049 Quam
269 1979 383 2031 funesta
400 1977 454 2030 tibi
474 1976 582 2030 luerint
600 1978 810 2034 'I'lrrtsimenie
827 1991 945 2053 tempe,

215 2067 278 2123 Scit
294 2068 427 2136 Trebia,
447 2077 475 2123 ct
491 2068 602 2124 Ticino
620 2073 761 2142 proxime
778 2089 848 2128 rura
864 2082 929 2129 tuo.

145 2159 225 2236 Quid
244 2160 476 2230 lacrimabilius,
494 2160 663 2217 Cannarum
681 2165 803 2219 nomine
820 2166 946 2234 Roma,

212 2255 277 2308 Tot
296 2255 383 2322 simul
402 2254 517 2309 nuituis
536 2255 668 2309 millibus
686 2272 753 2313 esse
770 2258 894 2329 potest?

143 2348 191 2401 An
211 2364 249 2401 ne
268 2347 455 2418 pharetratos
473 2348 603 2404 Parthos
621 2350 741 2420 impune
759 2349 905 2404 lacessis?

213 2442 348 2493 Auxerat
364 2439 548 2510 Euphratem
566 2441 714 2509 sanguinis
732 2440 887 2509 undeni,

144 2529 275 2602 Europe
292 2531 437 2586 domitum
458 2533 547 2600 signis
565 2532 742 2587 victricibus
761 2528 870 2587 omem
880 2571 890 2598 ,

212 2627 358 2678 Asserere
377 2624 532 2679 innumere
548 2641 611 2679 uon
627 2625 690 2678 siue
709 2622 793 2679 clade
809 2632 908 2694 potes.

143 2715 183 2771 Ut
198 2724 314 2770 taceam
334 2715 462 2784 Gallos,
483 2718 624 2788 quoniam
641 2717 751 2788 pudet,
770 2715 889 2788 aspice,
910 2717 1013 2789 quenti

210 2808 340 2862 Vincere
359 2826 523 2879 pugnrcem
542 2808 674 2867 constitit
690 2808 834 2879 Illyrium.

143 2898 182 2955 Ut
200 2909 338 2967 taceam,
355 2916 554 2974 quoscunque
571 2902 643 2955 mihi
662 2911 707 2955 est
723 2917 882 2958 numerare
899 2902 1085 2975 molentum,-

210 2994 259 3048 Te
277 2991 386 3063 quibus
406 2994 470 3064 ipsu
487 2995 580 3049 doces
597 2994 777 3065 imposuisse
791 2995 908 3064 jugum.

143 3082 256 3140 Nostra
278 3096 330 3138 tuo
350 3086 467 3156 quoties
486 3086 648 3147 Germanis
665 3087 759 3142 milite
776 3094 854 3143 tecte
871 3096 941 3155 est,·
1007 3106 1010 3113 ·

213 3176 326 3249 Incepti
345 3189 464 3249 poterat
481 3179 656 3249 poenituisse
673 3180 727 3235 tui.

144 3267 213 3326 Nec
231 3270 284 3324 tibi
302 3280 445 3326 tentatum
462 3286 556 3340 genus
574 3271 725 3329 infelicius
742 3272 856 3339 ullum,

214 3363 290 3417 Cum
307 3381 426 3420 servem
443 3366 563 3432 velles,
584 3380 649 3436 que
666 3364 720 3421 tibi
737 3381 818 3421 nunc
835 3363 957 3419 domina
976 3371 1039 3434 est,

143 3455 212 3514 Nec
231 3457 350 3512 fortuna
369 3458 448 3512 dedit
464 3472 588 3513 cursum
605 3456 658 3511 tibi
678 3472 798 3530 semper
816 3457 961 3526 eundem,

211 3550 280 3605 Nec
298 3551 403 3607 similis
420 3553 483 3607 visa
503 3567 535 3606 er
552 3559 697 3623 perpetue
718 3550 781 3620 ipse
797 3549 851 3604 tui.

143 3642 236 3698 Nunc
253 3659 398 3714 oppresse
414 3644 520 3713 melis,
550 3643 641 3699 rebus
658 3658 739 3696 nunc
758 3650 842 3696 auctr
860 3644 1016 3711 secundis,

210 3734 302 3790 Nunc
319 3753 374 3790 ver
393 3736 507 3805 arrisit,
538 3742 620 3790 nunc
641 3732 696 3789 tibi
711 3732 797 3788 savit
813 3731 923 3788 hictus.

144 3831 240 3903 Spirat
259 3830 393 3901 inequsli
412 3844 533 3901 semper
547 3830 616 3886 Dea
632 3825 749 3883 lubrice
770 3823 849 3877 litter.
923 3852 929 3867 ·

210 3926 361 3995 Aequatas
379 3940 481 3979 rerum
497 3940 560 3978 non
578 3930 657 3978 emet
672 3919 720 3974 illu
739 3916 834 3972 vices.

144 4014 237 4086 Cujus
254 4025 287 4069 ut
304 4018 476 4087 exemplum
493 4016 614 4084 videus,
640 4022 671 4070 te
692 4010 828 4082 respice,
860 4006 942 4065 dices

210 4110 331 4165 Ludere
351 4110 502 4165 fortunam
519 4126 581 4164 non
598 4106 732 4181 potuisse
752 4101 856 4172 magis·
878 4116 881 4123 ’

140 4198 211 4258 Nos
228 4219 352 4274 quoque
370 4209 426 4272 per'
441 4203 541 4258 verius
560 4203 663 4257 eudem
680 4212 749 4256 sors
768 4196 831 4268 ipsa
850 4192 991 4261 iuberes,
1065 4218 1068 4223 ¹

210 4293 375 4365 Multiplici
395 4310 496 4348 rerum
513 4293 681 4349 lubricitate
703 4291 779 4346 tulit.
1061 4278 1066 4285 ⁵

141 4384 316 4443 Nobiscum
334 4395 400 4461 nate
419 4380 488 4452 est‚'
511 4370 587 4442 etti
604 4387 669 4458 ipso
687 4384 763 4441 dore
776 4384 908 4455 juventa
916 4423 927 4452 ‚

212 4478 294 4536 Tota
313 4482 377 4534 sere
396 4478 664 4549 armorum'gturte
677 4486 780 4535 uottn
797 4475 860 4542 i'uit·
949 4516 956 4525 ·
1000 4498 1004 4505 ·
1064 4478 1069 4495 '
