2624 5108
602 765 705 839 Exul.
1092 770 1163 849 tac

144 950 317 1021 beneficiio.
370 958 449 1019 Nam
483 957 534 1020 hic
569 968 679 1020 nostro
710 958 868 1037 tempore,
909 979 973 1020 non
1002 979 1092 1022 aecus
1127 980 1164 1023 ac

145 1070 263 1120 creterae
284 1078 422 1132 merces,
454 1058 607 1120 beneficia
631 1058 821 1119 venduntur.
868 1061 964 1120 Eram
982 1062 1081 1122 altero
1109 1061 1161 1124 die

144 1158 255 1220 nescio
280 1179 352 1219 cum
373 1158 489 1240 quibus
502 1156 758 1232 'mercatoribus,
789 1157 844 1219 ubi
862 1160 1048 1221 tractabatur
1065 1161 1162 1224 bene·

145 1257 290 1320 ficiorum
308 1257 491 1340 negotium,
522 1278 589 1321 non
606 1270 697 1319 secur
715 1277 752 1319 ac
772 1260 980 1321 mulorumet
1003 1281 1162 1342 equorum

143 1370 328 1422 mercatura

522 1467 781 1541 Pasqttillus.

220 1559 290 1622 Jam
316 1559 435 1621 dudum
461 1559 494 1623 id
519 1559 595 1622 mihi
626 1558 806 1634 constabat,
846 1570 880 1622 ut
906 1561 933 1623 ri
961 1580 1161 1625 nummorum

142 1659 217 1724 mihi
242 1659 290 1720 vir
315 1671 398 1722 esset
419 1644 547 1743 ingeris,
582 1680 648 1722 non
665 1659 820 1722 beneficia
843 1661 941 1722 modo
967 1682 1019 1724 me
1039 1661 1161 1725 habitu·

142 1780 233 1835 rum,
261 1762 317 1823 aed
338 1763 456 1836 Deum,
489 1772 697 1834 sacramenta,
726 1779 860 1842 regrrrrm
879 1763 1047 1837 coelorum,
1074 1763 1160 1828 Pon·

142 1860 259 1926 tificem
279 1844 395 1942 ipsum*
428 1861 509 1924 Sunt
531 1860 615 1923 enim
634 1859 737 1922 omnia
755 1861 820 1922 hec
838 1862 961 1924 venalia
979 1864 1102 1927 Rome.

577 1971 718 2043 Cyrum

217 2064 260 2124 Et
281 2061 410 2145 quidem
436 2071 496 2123 tam
517 2060 632 2136 libere,
668 2073 704 2124 ut
726 2060 855 2124 liberius
876 2061 951 2122 nihil
976 2063 1026 2124 hic
1048 2065 1159 2127 Romae

142 2168 269 2246 agatur,
304 2183 396 2243 quam
419 2161 653 2224 beneficiorum
673 2173 857 2225 mercatura.
907 2165 1031 2243 Estque
1058 2162 1158 2226 eisin

142 2263 247 2325 sabula
268 2262 508 2349 idcommuue,
535 2263 801 2345 quemadmodum
820 2260 963 2322 Venetiia
984 2260 1160 2323 aromaticae

144 2362 280 2444 species,
314 2362 356 2424 ita
383 2363 491 2424 Romae
515 2362 634 2439 Deum,
667 2385 703 2425 ac
729 2363 851 2440 omnia,
883 2384 952 2443 qua
974 2361 1035 2425 Dei
1062 2373 1157 2437 sunt,

141 2463 238 2524 vendi
256 2481 360 2543 posse.
398 2462 461 2524 Scd
483 2461 578 2544 quid,
604 2482 625 2525 o
649 2462 826 2546 Parquillc‚·
844 2460 884 2523 ad
903 2480 980 2536 noe,
1013 2462 1069 2545 qui
1090 2484 1157 2526 om·

141 2553 230 2626 nium
249 2583 354 2627 sumus
372 2562 522 2646 peraimi,·
538 2563 652 2624 velob
671 2562 704 2624 id
721 2562 809 2644 quod
829 2561 1008 2643 pauperes?
1027 2560 1089 2625 ah?
1110 2594 1114 2601 ·

413 2680 416 2685 '
465 2667 480 2677 '¹
520 2670 772 2745 Po'styuillus.

217 2767 301 2827 Ante
332 2785 430 2827 annos
454 2761 516 2845 jam'
537 2762 655 2845 'viginti
686 2762 885 2843 episcopatus
912 2765 1157 2845 protectumque

142 2865 308 2939 maximas,
330 2864 356 2927 si
378 2864 496 2927 nummi
513 2868 631 2927 tantum
652 2882 719 2925 non
736 2863 882 2937 deerant,
907 2864 999 2926 facite
1015 2875 1157 2946 poteram

143 2954 277 3044 assequi.
316 2964 419 3026 Modo
442 2965 529 3047 larg'e
547 2964 599 3026 cui
624 2975 794 3046 mppetunt
814 2976 1024 3028 mercatorum
1045 2963 1156 3038 banci,

142 3060 240 3141 magia
262 3073 399 3141 speram.
436 3065 515 3125 Sunt
533 3063 617 3126 enim
634 3065 666 3128 hi
684 3065 843 3140 omnium,
870 3085 939 3147 que
958 3072 1032 3127 sur'rt
1048 3064 1159 3127 Romae

142 3158 410 3241 appreciatirsimae
424 3163 584 3246 reliquia3
615 3164 678 3229 ittic
702 3166 802 3230 omnir
831 3166 978 3243 devotio,
1008 3160 1071 3227 itsrc
1093 3170 1158 3227 teta

143 3254 293 3324 curatiur'n
313 3280 384 3339 apes
404 3261 499 3344 atquc
518 3263 643 3329 fiducie.
681 3266 762 3344 Sed,
782 3278 818 3330 ut
838 3265 901 3347 jam
920 3266 978 3328 tibi
998 3265 1156 3340 dixcram,

143 3361 217 3424 mihi
236 3382 301 3423 rrorr
319 3372 392 3423 sunt
411 3363 595 3446 argentarii,
624 3387 722 3450 quare
741 3367 909 3433 discedam.
995 3374 1001 3399 ²

576 3474 720 3551 Cyrum
973 3466 976 3470 Δ

218 3562 324 3645 Perge
347 3561 390 3624 mi
409 3562 588 3648 Parquille‚
616 3580 652 3631 ut
672 3572 727 3631 fiae
751 3569 840 3633 felix.
885 3568 949 3631 Seri
972 3568 1157 3651 priusquam

144 3661 302 3739 discedas,
324 3664 433 3727 alteras
450 3684 486 3726 ac
504 3667 613 3730 atteras
632 3667 680 3745 (ri
698 3668 814 3745 haber)
832 3667 960 3748 adjicito
979 3688 1098 3732 causae.

193 3751 208 3780 ⁶
518 3774 776 3855 easqumus.

209 3857 342 3939 Dicam,
371 3876 403 3927 et
418 3865 527 3930 libere.
574 3867 637 3931 Sed
660 3866 718 3929 tibi
741 3864 775 3929 in
800 3887 902 3930 aures.
954 3865 1155 3939 sciuerint,

144 3982 236 4045 quam
262 3963 302 4027 rit
331 3964 441 4053 Romae
470 3972 536 4031 ree'-¹
550 3967 692 4051 periculo
722 3969 830 4050 piena,
871 3986 991 4029 verum·
1018 3965 1156 4028 edicere.

144 4062 256 4155 Omnia
284 4065 368 4128 enim
393 4068 503 4157 Rorirte'
521 4068 616 4133 licent
633 4080 747 4152 prtctcr
769 4064 1000 4151 paupertatem,
1022 4056 1067 4127 'ac
1084 4066 1153 4127 veri

131 4155 305 4238 'judicium
344 4164 420 4228 Hac
439 4174 567 4250 peccata
587 4168 662 4233 runt
681 4170 713 4232 in
734 4169 877 4252 spiritum
896 4178 1033 4232 sanctum
1044 4214 1052 4244 ,
1063 4160 1153 4252 'rprre

133 4256 202 4324 'nce
218 4263 269 4327 hic
285 4284 392 4349 neque
413 4266 447 4329 in
470 4266 579 4331 futuro
603 4269 803 4332 remittuntur
822 4270 953 4333 σκευὴ(
968 4268 1049 4333 ‘Scd
1063 4266 1151 4353 'apud

142 4370 190 4438 te,
211 4355 217 4367 '
235 4365 291 4447 qui
335 4386 370 4427 ea
402 4366 576 4448 ipsissimus
609 4366 689 4452 ego,
735 4368 835 4435 tibere
863 4364 962 4454 a'gritrr'.
993 4366 1077 4433 ”trit
1111 4392 1153 4432 uc
