<?xml version="1.0" encoding="UTF-8"?>
<!DOCTYPE html PUBLIC "-//W3C//DTD XHTML 1.0 Transitional//EN"
    "http://www.w3.org/TR/xhtml1/DTD/xhtml1-transitional.dtd">
<html xmlns="http://www.w3.org/1999/xhtml" xml:lang="en" lang="en">
 <head>
  <title>
</title>
<meta http-equiv="Content-Type" content="text/html;charset=utf-8" />
  <meta name='ocr-system' content='tesseract 3.04.00' />
  <meta name='ocr-capabilities' content='ocr_page ocr_carea ocr_par ocr_line ocrx_word'/>
</head>
<body>
  <div class='ocr_page' id='page_1' title='image "./ulrichiabhutten03mngoog_0155.png"; bbox 0 0 2624 5108; ppageno 0'>
   <div class='ocr_carea' id='block_1_1' title="bbox 149 833 905 933">
    <p class='ocr_par' dir='ltr' id='par_1_1' title="bbox 149 833 905 933">
     <span class='ocr_line' id='line_1_1' title="bbox 149 833 905 933; baseline -0.008 -21"><span class='ocrx_word' id='word_1_1' title='bbox 149 838 217 913; x_wconf 79' lang='lat' dir='ltr'><strong>lli</strong></span> <span class='ocrx_word' id='word_1_2' title='bbox 383 837 427 911; x_wconf 89' lang='lat' dir='ltr'><strong>In</strong></span> <span class='ocrx_word' id='word_1_3' title='bbox 450 834 634 911; x_wconf 85' lang='lat' dir='ltr'><strong>Ubichum</strong></span> <span class='ocrx_word' id='word_1_4' title='bbox 657 833 905 933; x_wconf 83' lang='lat' dir='ltr'><strong>Wirtenberg.</strong></span> 
     </span>
    </p>
   </div>
   <div class='ocr_carea' id='block_1_2' title="bbox 121 1028 1156 4223">
    <p class='ocr_par' dir='ltr' id='par_1_2' title="bbox 121 1028 1156 4223">
     <span class='ocr_line' id='line_1_2' title="bbox 144 1028 1153 1115; baseline -0.004 -18"><span class='ocrx_word' id='word_1_5' title='bbox 144 1033 241 1097; x_wconf 78' lang='lat' dir='ltr'><strong>must</strong></span> <span class='ocrx_word' id='word_1_6' title='bbox 280 1034 321 1096; x_wconf 80' lang='lat' dir='ltr'><strong>Et</strong></span> <span class='ocrx_word' id='word_1_7' title='bbox 348 1028 506 1096; x_wconf 65' lang='lat' dir='ltr'><strong>audadm</strong></span> <span class='ocrx_word' id='word_1_8' title='bbox 529 1028 658 1115; x_wconf 80' lang='lat' dir='ltr'><strong>(pridem</strong></span> <span class='ocrx_word' id='word_1_9' title='bbox 675 1039 760 1093; x_wconf 74' lang='lat' dir='ltr'><strong>tuem</strong></span> <span class='ocrx_word' id='word_1_10' title='bbox 777 1040 849 1093; x_wconf 79' lang='lat' dir='ltr'><strong>ente</strong></span> <span class='ocrx_word' id='word_1_11' title='bbox 866 1048 1036 1102; x_wconf 82' lang='lat' dir='ltr'><strong>noveram,</strong></span> <span class='ocrx_word' id='word_1_12' title='bbox 1063 1028 1153 1093; x_wconf 80' lang='lat' dir='ltr'><strong>lnss·</strong></span> 
     </span>
     <span class='ocr_line' id='line_1_3' title="bbox 145 1130 1152 1223; baseline -0.006 -24"><span class='ocrx_word' id='word_1_13' title='bbox 145 1137 229 1199; x_wconf 83' lang='lat' dir='ltr'><strong>niem</strong></span> <span class='ocrx_word' id='word_1_14' title='bbox 247 1154 282 1197; x_wconf 84' lang='lat' dir='ltr'><strong>ac</strong></span> <span class='ocrx_word' id='word_1_15' title='bbox 301 1134 443 1197; x_wconf 85' lang='lat' dir='ltr'><strong>furorem</strong></span> <span class='ocrx_word' id='word_1_16' title='bbox 459 1150 696 1214; x_wconf 66' lang='lat' dir='ltr'><strong>perspexeram.¹</strong></span> <span class='ocrx_word' id='word_1_17' title='bbox 731 1130 869 1223; x_wconf 66' lang='lat' dir='ltr'><strong>Teutoni</strong></span> <span class='ocrx_word' id='word_1_18' title='bbox 884 1142 990 1215; x_wconf 72' lang='lat' dir='ltr'><strong>tenen</strong></span> <span class='ocrx_word' id='word_1_19' title='bbox 1007 1131 1152 1193; x_wconf 85' lang='lat' dir='ltr'><strong>ementis</strong></span> 
     </span>
     <span class='ocr_line' id='line_1_4' title="bbox 146 1230 1151 1309; baseline -0.009 -8"><span class='ocrx_word' id='word_1_20' title='bbox 146 1235 274 1301; x_wconf 73' lang='lat' dir='ltr'><strong>sanitate</strong></span> <span class='ocrx_word' id='word_1_21' title='bbox 295 1236 405 1298; x_wconf 88' lang='lat' dir='ltr'><strong>abesse</strong></span> <span class='ocrx_word' id='word_1_22' title='bbox 422 1245 454 1295; x_wconf 89' lang='lat' dir='ltr'><strong>te</strong></span> <span class='ocrx_word' id='word_1_23' title='bbox 466 1254 533 1298; x_wconf 86' lang='lat' dir='ltr'><strong>uon</strong></span> <span class='ocrx_word' id='word_1_24' title='bbox 550 1232 732 1309; x_wconf 77' lang='lat' dir='ltr'><strong>credebam,</strong></span> <span class='ocrx_word' id='word_1_25' title='bbox 750 1244 786 1296; x_wconf 88' lang='lat' dir='ltr'><strong>ut</strong></span> <span class='ocrx_word' id='word_1_26' title='bbox 804 1231 1012 1309; x_wconf 64' lang='lat' dir='ltr'><strong>isneuderes</strong></span> <span class='ocrx_word' id='word_1_27' title='bbox 1031 1230 1151 1305; x_wconf 88' lang='lat' dir='ltr'><strong>dicere,</strong></span> 
     </span>
     <span class='ocr_line' id='line_1_5' title="bbox 147 1332 1153 1418; baseline -0.004 -18"><span class='ocrx_word' id='word_1_28' title='bbox 147 1349 179 1400; x_wconf 89' lang='lat' dir='ltr'><strong>et</strong></span> <span class='ocrx_word' id='word_1_29' title='bbox 200 1337 283 1418; x_wconf 91' lang='lat' dir='ltr'><strong>apud</strong></span> <span class='ocrx_word' id='word_1_30' title='bbox 310 1337 373 1398; x_wconf 78' lang='lat' dir='ltr'><strong>hcc</strong></span> <span class='ocrx_word' id='word_1_31' title='bbox 398 1333 484 1398; x_wconf 83' lang='lat' dir='ltr'><strong>orbis</strong></span> <span class='ocrx_word' id='word_1_32' title='bbox 509 1346 599 1398; x_wconf 75' lang='lat' dir='ltr'><strong>terre</strong></span> <span class='ocrx_word' id='word_1_33' title='bbox 621 1334 720 1413; x_wconf 83' lang='lat' dir='ltr'><strong>capite</strong></span> <span class='ocrx_word' id='word_1_34' title='bbox 744 1332 887 1399; x_wconf 66' lang='lat' dir='ltr'><strong>auderes,</strong></span> <span class='ocrx_word' id='word_1_35' title='bbox 923 1334 1004 1397; x_wconf 82' lang='lat' dir='ltr'><strong>Nam</strong></span> <span class='ocrx_word' id='word_1_36' title='bbox 1021 1332 1052 1397; x_wconf 84' lang='lat' dir='ltr'><strong>si</strong></span> <span class='ocrx_word' id='word_1_37' title='bbox 1068 1335 1153 1413; x_wconf 81' lang='lat' dir='ltr'><strong>spud</strong></span> 
     </span>
     <span class='ocr_line' id='line_1_6' title="bbox 144 1432 1153 1516; baseline -0.002 -17"><span class='ocrx_word' id='word_1_38' title='bbox 144 1449 217 1502; x_wconf 86' lang='lat' dir='ltr'><strong>tuos</strong></span> <span class='ocrx_word' id='word_1_39' title='bbox 236 1441 426 1508; x_wconf 75' lang='lat' dir='ltr'>collusores,</span> <span class='ocrx_word' id='word_1_40' title='bbox 455 1436 540 1516; x_wconf 87' lang='lat' dir='ltr'><strong>spud</strong></span> <span class='ocrx_word' id='word_1_41' title='bbox 557 1446 630 1497; x_wconf 91' lang='lat' dir='ltr'><strong>tuos</strong></span> <span class='ocrx_word' id='word_1_42' title='bbox 647 1433 793 1508; x_wconf 87' lang='lat' dir='ltr'><strong>sicarios,</strong></span> <span class='ocrx_word' id='word_1_43' title='bbox 821 1455 858 1498; x_wconf 84' lang='lat' dir='ltr'><strong>ac</strong></span> <span class='ocrx_word' id='word_1_44' title='bbox 875 1432 952 1498; x_wconf 89' lang='lat' dir='ltr'><strong>istos</strong></span> <span class='ocrx_word' id='word_1_45' title='bbox 971 1434 1153 1497; x_wconf 70' lang='lat' dir='ltr'><strong>lenocinio-</strong></span> 
     </span>
     <span class='ocr_line' id='line_1_7' title="bbox 121 1533 1156 1611; baseline -0.004 -10"><span class='ocrx_word' id='word_1_46' title='bbox 121 1588 123 1593; x_wconf 91' lang='lat'><em>.</em></span> <span class='ocrx_word' id='word_1_47' title='bbox 145 1560 217 1601; x_wconf 89' lang='lat' dir='ltr'><strong>rum</strong></span> <span class='ocrx_word' id='word_1_48' title='bbox 227 1551 354 1598; x_wconf 88' lang='lat' dir='ltr'><strong>tuorum</strong></span> <span class='ocrx_word' id='word_1_49' title='bbox 366 1533 524 1600; x_wconf 86' lang='lat' dir='ltr'><strong>ministros</strong></span> <span class='ocrx_word' id='word_1_50' title='bbox 534 1534 599 1598; x_wconf 70' lang='lat' dir='ltr'><strong>hnc</strong></span> <span class='ocrx_word' id='word_1_51' title='bbox 610 1534 759 1611; x_wconf 84' lang='lat' dir='ltr'><strong>dixisses,</strong></span> <span class='ocrx_word' id='word_1_52' title='bbox 769 1556 863 1599; x_wconf 85' lang='lat' dir='ltr'><strong>nemo</strong></span> <span class='ocrx_word' id='word_1_53' title='bbox 875 1555 942 1598; x_wconf 87' lang='lat' dir='ltr'><strong>non</strong></span> <span class='ocrx_word' id='word_1_54' title='bbox 951 1536 1156 1599; x_wconf 82' lang='lat' dir='ltr'><strong>vehementer</strong></span> 
     </span>
     <span class='ocr_line' id='line_1_8' title="bbox 144 1632 1153 1718; baseline -0.001 -18"><span class='ocrx_word' id='word_1_55' title='bbox 144 1632 367 1718; x_wconf 81' lang='lat' dir='ltr'><strong>impudentiam</strong></span> <span class='ocrx_word' id='word_1_56' title='bbox 394 1647 479 1698; x_wconf 78' lang='lat' dir='ltr'><strong>tuem</strong></span> <span class='ocrx_word' id='word_1_57' title='bbox 495 1636 661 1700; x_wconf 73' lang='lat' dir='ltr'><strong>admiratus</strong></span> <span class='ocrx_word' id='word_1_58' title='bbox 680 1646 772 1699; x_wconf 80' lang='lat' dir='ltr'><strong>esset.</strong></span> <span class='ocrx_word' id='word_1_59' title='bbox 815 1636 909 1699; x_wconf 83' lang='lat' dir='ltr'><strong>Nunc</strong></span> <span class='ocrx_word' id='word_1_60' title='bbox 931 1634 974 1697; x_wconf 82' lang='lat' dir='ltr'><strong>ila</strong></span> <span class='ocrx_word' id='word_1_61' title='bbox 992 1635 1153 1700; x_wconf 84' lang='lat' dir='ltr'><strong>instituisti</strong></span> 
     </span>
     <span class='ocr_line' id='line_1_9' title="bbox 144 1732 1153 1820; baseline 0 -22"><span class='ocrx_word' id='word_1_62' title='bbox 144 1749 194 1811; x_wconf 89' lang='lat' dir='ltr'><strong>te,</strong></span> <span class='ocrx_word' id='word_1_63' title='bbox 222 1748 257 1798; x_wconf 91' lang='lat' dir='ltr'><strong>ut</strong></span> <span class='ocrx_word' id='word_1_64' title='bbox 282 1757 354 1799; x_wconf 91' lang='lat' dir='ltr'><strong>cum</strong></span> <span class='ocrx_word' id='word_1_65' title='bbox 378 1737 465 1816; x_wconf 85' lang='lat' dir='ltr'><strong>prius</strong></span> <span class='ocrx_word' id='word_1_66' title='bbox 484 1738 516 1814; x_wconf 66' lang='lat'><strong>⁸)</strong></span> <span class='ocrx_word' id='word_1_67' title='bbox 541 1735 581 1797; x_wconf 75' lang='lat' dir='ltr'><strong>ab</strong></span> <span class='ocrx_word' id='word_1_68' title='bbox 607 1732 750 1798; x_wconf 89' lang='lat' dir='ltr'><strong>omuibus</strong></span> <span class='ocrx_word' id='word_1_69' title='bbox 769 1732 899 1820; x_wconf 84' lang='lat' dir='ltr'><strong>reliquis</strong></span> <span class='ocrx_word' id='word_1_70' title='bbox 917 1734 1061 1816; x_wconf 87' lang='lat' dir='ltr'><strong>corporis</strong></span> <span class='ocrx_word' id='word_1_71' title='bbox 1080 1758 1153 1815; x_wconf 82' lang='lat' dir='ltr'><strong>par·</strong></span> 
     </span>
     <span class='ocr_line' id='line_1_10' title="bbox 145 1834 1150 1920; baseline -0.001 -22"><span class='ocrx_word' id='word_1_72' title='bbox 145 1838 231 1901; x_wconf 78' lang='lat' dir='ltr'><strong>tibris</strong></span> <span class='ocrx_word' id='word_1_73' title='bbox 257 1837 412 1917; x_wconf 88' lang='lat' dir='ltr'><strong>pudorem</strong></span> <span class='ocrx_word' id='word_1_74' title='bbox 444 1836 659 1920; x_wconf 78' lang='lat' dir='ltr'><strong>ablegaveris,</strong></span> <span class='ocrx_word' id='word_1_75' title='bbox 700 1854 785 1897; x_wconf 91' lang='lat' dir='ltr'><strong>nunc</strong></span> <span class='ocrx_word' id='word_1_76' title='bbox 811 1836 936 1897; x_wconf 76' lang='lat' dir='ltr'><strong>tandem</strong></span> <span class='ocrx_word' id='word_1_77' title='bbox 959 1834 1008 1910; x_wconf 73' lang='lat' dir='ltr'><strong>ae)</strong></span> <span class='ocrx_word' id='word_1_78' title='bbox 1041 1834 1150 1917; x_wconf 65' lang='lat' dir='ltr'><strong>lingere</strong></span> 
     </span>
     <span class='ocr_line' id='line_1_11' title="bbox 146 1918 1152 2023; baseline 0.001 -24"><span class='ocrx_word' id='word_1_79' title='bbox 146 1952 275 2023; x_wconf 79' lang='lat' dir='ltr'><strong>quoque</strong></span> <span class='ocrx_word' id='word_1_80' title='bbox 300 1949 330 1999; x_wconf 91' lang='lat' dir='ltr'><strong>et</strong></span> <span class='ocrx_word' id='word_1_81' title='bbox 359 1958 416 1999; x_wconf 92' lang='lat' dir='ltr'><strong>ore</strong></span> <span class='ocrx_word' id='word_1_82' title='bbox 441 1938 617 2018; x_wconf 83' lang='lat' dir='ltr'><strong>impudicus</strong></span> <span class='ocrx_word' id='word_1_83' title='bbox 647 1958 717 2000; x_wconf 88' lang='lat' dir='ltr'><strong>esse</strong></span> <span class='ocrx_word' id='word_1_84' title='bbox 740 1935 869 2017; x_wconf 82' lang='lat' dir='ltr'><strong>incipias</strong></span> <span class='ocrx_word' id='word_1_85' title='bbox 888 1933 970 2014; x_wconf 59' lang='lat' dir='ltr'><strong>m).</strong></span> <span class='ocrx_word' id='word_1_86' title='bbox 1020 1918 1152 2000; x_wconf 72' lang='lat' dir='ltr'><strong>Tettius</strong></span> 
     </span>
     <span class='ocr_line' id='line_1_12' title="bbox 145 2034 1153 2119; baseline 0 -18"><span class='ocrx_word' id='word_1_87' title='bbox 145 2050 192 2101; x_wconf 84' lang='lat' dir='ltr'><strong>est</strong></span> <span class='ocrx_word' id='word_1_88' title='bbox 217 2037 276 2101; x_wconf 91' lang='lat' dir='ltr'><strong>iste</strong></span> <span class='ocrx_word' id='word_1_89' title='bbox 294 2034 395 2119; x_wconf 77' lang='lat' dir='ltr'><strong>igitur</strong></span> <span class='ocrx_word' id='word_1_90' title='bbox 419 2037 651 2118; x_wconf 81' lang='lat' dir='ltr'><strong>improbitetum</strong></span> <span class='ocrx_word' id='word_1_91' title='bbox 674 2048 799 2099; x_wconf 76' lang='lat' dir='ltr'><strong>tuarum</strong></span> <span class='ocrx_word' id='word_1_92' title='bbox 817 2036 944 2119; x_wconf 77' lang='lat' dir='ltr'><strong>gradus.</strong></span> <span class='ocrx_word' id='word_1_93' title='bbox 981 2039 1063 2101; x_wconf 84' lang='lat' dir='ltr'><strong>Nam</strong></span> <span class='ocrx_word' id='word_1_94' title='bbox 1080 2058 1153 2100; x_wconf 74' lang='lat' dir='ltr'><strong>mun</strong></span> 
     </span>
     <span class='ocr_line' id='line_1_13' title="bbox 144 2135 1152 2221; baseline -0.001 -20"><span class='ocrx_word' id='word_1_95' title='bbox 144 2137 278 2221; x_wconf 89' lang='lat' dir='ltr'><strong>primum</strong></span> <span class='ocrx_word' id='word_1_96' title='bbox 318 2136 486 2219; x_wconf 84' lang='lat' dir='ltr'><strong>parricidio</strong></span> <span class='ocrx_word' id='word_1_97' title='bbox 521 2135 741 2200; x_wconf 79' lang='lat' dir='ltr'><strong>immanissimo</strong></span> <span class='ocrx_word' id='word_1_98' title='bbox 781 2137 923 2201; x_wconf 87' lang='lat' dir='ltr'><strong>omnium</strong></span> <span class='ocrx_word' id='word_1_99' title='bbox 959 2137 1152 2209; x_wconf 68' lang='lat' dir='ltr'><strong>atrocitatem</strong></span> 
     </span>
     <span class='ocr_line' id='line_1_14' title="bbox 143 2232 1150 2320; baseline 0.001 -20"><span class='ocrx_word' id='word_1_100' title='bbox 143 2258 339 2320; x_wconf 68' lang='lat' dir='ltr'><strong>superasses,</strong></span> <span class='ocrx_word' id='word_1_101' title='bbox 367 2232 482 2301; x_wconf 92' lang='lat' dir='ltr'><strong>deinde</strong></span> <span class='ocrx_word' id='word_1_102' title='bbox 500 2248 610 2300; x_wconf 76' lang='lat' dir='ltr'><strong>contre</strong></span> <span class='ocrx_word' id='word_1_103' title='bbox 637 2246 722 2299; x_wconf 83' lang='lat' dir='ltr'><strong>tuam</strong></span> <span class='ocrx_word' id='word_1_104' title='bbox 747 2258 880 2301; x_wconf 87' lang='lat' dir='ltr'><strong>uxorem</strong></span> <span class='ocrx_word' id='word_1_105' title='bbox 904 2237 1150 2319; x_wconf 86' lang='lat' dir='ltr'><strong>pudicissimam,</strong></span> 
     </span>
     <span class='ocr_line' id='line_1_15' title="bbox 144 2337 1151 2419; baseline 0.005 -20"><span class='ocrx_word' id='word_1_106' title='bbox 144 2359 181 2399; x_wconf 87' lang='lat' dir='ltr'><strong>se</strong></span> <span class='ocrx_word' id='word_1_107' title='bbox 208 2337 427 2401; x_wconf 85' lang='lat' dir='ltr'><strong>nobilissimam</strong></span> <span class='ocrx_word' id='word_1_108' title='bbox 450 2337 625 2413; x_wconf 72' lang='lat' dir='ltr'><strong>tenum,</strong></span> <span class='ocrx_word' id='word_1_109' title='bbox 653 2359 723 2402; x_wconf 87' lang='lat' dir='ltr'><strong>earu</strong></span> <span class='ocrx_word' id='word_1_110' title='bbox 747 2339 974 2419; x_wconf 79' lang='lat' dir='ltr'><strong>turpitudinem</strong></span> <span class='ocrx_word' id='word_1_111' title='bbox 999 2338 1151 2415; x_wconf 80' lang='lat' dir='ltr'><strong>obiisses,</strong></span> 
     </span>
     <span class='ocr_line' id='line_1_16' title="bbox 143 2436 1151 2522; baseline 0 -22"><span class='ocrx_word' id='word_1_112' title='bbox 143 2436 236 2517; x_wconf 81' lang='lat' dir='ltr'><strong>cujus</strong></span> <span class='ocrx_word' id='word_1_113' title='bbox 259 2458 420 2522; x_wconf 82' lang='lat' dir='ltr'><strong>nunquam</strong></span> <span class='ocrx_word' id='word_1_114' title='bbox 440 2438 558 2501; x_wconf 83' lang='lat' dir='ltr'><strong>credits</strong></span> <span class='ocrx_word' id='word_1_115' title='bbox 582 2450 629 2501; x_wconf 81' lang='lat' dir='ltr'><strong>est</strong></span> <span class='ocrx_word' id='word_1_116' title='bbox 649 2460 746 2519; x_wconf 80' lang='lat' dir='ltr'><strong>capax</strong></span> <span class='ocrx_word' id='word_1_117' title='bbox 766 2456 835 2502; x_wconf 86' lang='lat' dir='ltr'><strong>esse</strong></span> <span class='ocrx_word' id='word_1_118' title='bbox 855 2439 1041 2515; x_wconf 85' lang='lat' dir='ltr'><strong>Germania,</strong></span> <span class='ocrx_word' id='word_1_119' title='bbox 1066 2460 1151 2502; x_wconf 90' lang='lat' dir='ltr'><strong>nunc</strong></span> 
     </span>
     <span class='ocr_line' id='line_1_17' title="bbox 144 2538 1151 2620; baseline -0.002 -18"><span class='ocrx_word' id='word_1_120' title='bbox 144 2540 269 2602; x_wconf 89' lang='lat' dir='ltr'><strong>demum</strong></span> <span class='ocrx_word' id='word_1_121' title='bbox 288 2539 488 2619; x_wconf 85' lang='lat' dir='ltr'><strong>impurissimi</strong></span> <span class='ocrx_word' id='word_1_122' title='bbox 514 2538 579 2603; x_wconf 89' lang='lat' dir='ltr'><strong>oris</strong></span> <span class='ocrx_word' id='word_1_123' title='bbox 603 2540 751 2620; x_wconf 73' lang='lat' dir='ltr'><strong>spurcitiei</strong></span> <span class='ocrx_word' id='word_1_124' title='bbox 775 2540 880 2602; x_wconf 82' lang='lat' dir='ltr'><strong>omnic</strong></span> <span class='ocrx_word' id='word_1_125' title='bbox 899 2538 1022 2614; x_wconf 74' lang='lat' dir='ltr'><strong>lendes,</strong></span> <span class='ocrx_word' id='word_1_126' title='bbox 1046 2539 1151 2601; x_wconf 82' lang='lat' dir='ltr'><strong>enoria</strong></span> 
     </span>
     <span class='ocr_line' id='line_1_18' title="bbox 144 2637 1151 2723; baseline -0.004 -21"><span class='ocrx_word' id='word_1_127' title='bbox 144 2637 267 2722; x_wconf 79' lang='lat' dir='ltr'><strong>polluis.</strong></span> <span class='ocrx_word' id='word_1_128' title='bbox 305 2638 508 2703; x_wconf 81' lang='lat' dir='ltr'><strong>Credendum</strong></span> <span class='ocrx_word' id='word_1_129' title='bbox 526 2650 573 2703; x_wconf 88' lang='lat' dir='ltr'><strong>est</strong></span> <span class='ocrx_word' id='word_1_130' title='bbox 591 2640 706 2722; x_wconf 82' lang='lat' dir='ltr'><strong>igitur,</strong></span> <span class='ocrx_word' id='word_1_131' title='bbox 725 2638 844 2723; x_wconf 73' lang='lat' dir='ltr'><strong>aliquid</strong></span> <span class='ocrx_word' id='word_1_132' title='bbox 858 2659 1022 2722; x_wconf 76' lang='lat' dir='ltr'><strong>superesse</strong></span> <span class='ocrx_word' id='word_1_133' title='bbox 1034 2664 1045 2713; x_wconf 72' lang='grc'><strong>,’</strong></span> <span class='ocrx_word' id='word_1_134' title='bbox 1056 2639 1151 2720; x_wconf 73' lang='lat' dir='ltr'><strong>quod</strong></span> 
     </span>
     <span class='ocr_line' id='line_1_19' title="bbox 144 2737 1149 2824; baseline -0.002 -21"><span class='ocrx_word' id='word_1_135' title='bbox 144 2754 179 2803; x_wconf 89' lang='lat' dir='ltr'><strong>tu</strong></span> <span class='ocrx_word' id='word_1_136' title='bbox 209 2742 264 2824; x_wconf 88' lang='lat' dir='ltr'><strong>qui</strong></span> <span class='ocrx_word' id='word_1_137' title='bbox 291 2742 358 2803; x_wconf 89' lang='lat' dir='ltr'><strong>sine</strong></span> <span class='ocrx_word' id='word_1_138' title='bbox 389 2743 533 2823; x_wconf 85' lang='lat' dir='ltr'><strong>exemplo</strong></span> <span class='ocrx_word' id='word_1_139' title='bbox 567 2744 663 2806; x_wconf 81' lang='lat' dir='ltr'><strong>nialus</strong></span> <span class='ocrx_word' id='word_1_140' title='bbox 689 2762 738 2815; x_wconf 88' lang='lat' dir='ltr'><strong>es,</strong></span> <span class='ocrx_word' id='word_1_141' title='bbox 785 2742 824 2804; x_wconf 83' lang='lat' dir='ltr'><strong>sd</strong></span> <span class='ocrx_word' id='word_1_142' title='bbox 855 2743 909 2804; x_wconf 84' lang='lat' dir='ltr'><strong>lias</strong></span> <span class='ocrx_word' id='word_1_143' title='bbox 938 2737 1149 2821; x_wconf 80' lang='lat' dir='ltr'><strong>improbitates</strong></span> 
     </span>
     <span class='ocr_line' id='line_1_20' title="bbox 144 2840 1148 2924; baseline -0.003 -21"><span class='ocrx_word' id='word_1_144' title='bbox 144 2843 260 2903; x_wconf 78' lang='lat' dir='ltr'><strong>addere</strong></span> <span class='ocrx_word' id='word_1_145' title='bbox 280 2841 405 2921; x_wconf 81' lang='lat' dir='ltr'><strong>possis?</strong></span> <span class='ocrx_word' id='word_1_146' title='bbox 430 2841 495 2902; x_wconf 81' lang='lat' dir='ltr'><strong>Ant</strong></span> <span class='ocrx_word' id='word_1_147' title='bbox 508 2841 585 2922; x_wconf 91' lang='lat' dir='ltr'><strong>quid</strong></span> <span class='ocrx_word' id='word_1_148' title='bbox 605 2840 733 2902; x_wconf 91' lang='lat' dir='ltr'><strong>omnino</strong></span> <span class='ocrx_word' id='word_1_149' title='bbox 746 2852 810 2914; x_wconf 88' lang='lat' dir='ltr'><strong>est,</strong></span> <span class='ocrx_word' id='word_1_150' title='bbox 830 2843 921 2924; x_wconf 85' lang='lat' dir='ltr'><strong>quod</strong></span> <span class='ocrx_word' id='word_1_151' title='bbox 936 2841 982 2904; x_wconf 91' lang='lat' dir='ltr'><strong>his</strong></span> <span class='ocrx_word' id='word_1_152' title='bbox 994 2840 1148 2922; x_wconf 88' lang='lat' dir='ltr'><strong>portentis</strong></span> 
     </span>
     <span class='ocr_line' id='line_1_21' title="bbox 143 2939 1149 3023; baseline -0.006 -18"><span class='ocrx_word' id='word_1_153' title='bbox 143 2941 299 3023; x_wconf 85' lang='lat' dir='ltr'><strong>reliquum</strong></span> <span class='ocrx_word' id='word_1_154' title='bbox 318 2940 384 3003; x_wconf 84' lang='lat' dir='ltr'><strong>sit?</strong></span> <span class='ocrx_word' id='word_1_155' title='bbox 413 2940 535 3023; x_wconf 84' lang='lat' dir='ltr'><strong>Ingenii</strong></span> <span class='ocrx_word' id='word_1_156' title='bbox 556 2940 683 3023; x_wconf 87' lang='lat' dir='ltr'><strong>quidem</strong></span> <span class='ocrx_word' id='word_1_157' title='bbox 703 2940 748 3001; x_wconf 89' lang='lat' dir='ltr'><strong>tui</strong></span> <span class='ocrx_word' id='word_1_158' title='bbox 769 2941 882 3004; x_wconf 85' lang='lat' dir='ltr'><strong>inliniti</strong></span> <span class='ocrx_word' id='word_1_159' title='bbox 900 2951 991 3014; x_wconf 87' lang='lat' dir='ltr'><strong>sunt,</strong></span> <span class='ocrx_word' id='word_1_160' title='bbox 1010 2951 1042 3003; x_wconf 90' lang='lat' dir='ltr'><strong>et</strong></span> <span class='ocrx_word' id='word_1_161' title='bbox 1059 2939 1149 3003; x_wconf 83' lang='lat' dir='ltr'><strong>inex·</strong></span> 
     </span>
     <span class='ocr_line' id='line_1_22' title="bbox 143 3040 1150 3124; baseline 0.003 -22"><span class='ocrx_word' id='word_1_162' title='bbox 143 3041 301 3122; x_wconf 81' lang='lat' dir='ltr'><strong>plicabilcs</strong></span> <span class='ocrx_word' id='word_1_163' title='bbox 324 3060 441 3116; x_wconf 85' lang='lat' dir='ltr'><strong>nexus,</strong></span> <span class='ocrx_word' id='word_1_164' title='bbox 474 3052 509 3102; x_wconf 87' lang='lat' dir='ltr'><strong>ut</strong></span> <span class='ocrx_word' id='word_1_165' title='bbox 534 3040 645 3123; x_wconf 84' lang='lat' dir='ltr'><strong>ingens</strong></span> <span class='ocrx_word' id='word_1_166' title='bbox 672 3041 808 3121; x_wconf 88' lang='lat' dir='ltr'><strong>suspicio</strong></span> <span class='ocrx_word' id='word_1_167' title='bbox 836 3043 893 3116; x_wconf 85' lang='lat' dir='ltr'><strong>sit,</strong></span> <span class='ocrx_word' id='word_1_168' title='bbox 928 3040 1051 3124; x_wconf 88' lang='lat' dir='ltr'><strong>aliquos</strong></span> <span class='ocrx_word' id='word_1_169' title='bbox 1080 3062 1150 3105; x_wconf 84' lang='lat' dir='ltr'><strong>esse</strong></span> 
     </span>
     <span class='ocr_line' id='line_1_23' title="bbox 145 3140 1150 3221; baseline 0 -18"><span class='ocrx_word' id='word_1_170' title='bbox 145 3142 245 3204; x_wconf 80' lang='lat' dir='ltr'><strong>ailliuc</strong></span> <span class='ocrx_word' id='word_1_171' title='bbox 273 3140 413 3204; x_wconf 82' lang='lat' dir='ltr'><strong>nondum</strong></span> <span class='ocrx_word' id='word_1_172' title='bbox 440 3152 564 3221; x_wconf 87' lang='lat' dir='ltr'><strong>apertos</strong></span> <span class='ocrx_word' id='word_1_173' title='bbox 590 3141 756 3204; x_wconf 83' lang='lat' dir='ltr'><strong>voluntatis</strong></span> <span class='ocrx_word' id='word_1_174' title='bbox 783 3154 841 3205; x_wconf 77' lang='lat' dir='ltr'><strong>ture</strong></span> <span class='ocrx_word' id='word_1_175' title='bbox 867 3162 1027 3218; x_wconf 84' lang='lat' dir='ltr'><strong>recessus,</strong></span> <span class='ocrx_word' id='word_1_176' title='bbox 1065 3143 1150 3205; x_wconf 88' lang='lat' dir='ltr'><strong>unde</strong></span> 
     </span>
     <span class='ocr_line' id='line_1_24' title="bbox 143 3240 1151 3326; baseline 0.001 -22"><span class='ocrx_word' id='word_1_177' title='bbox 143 3241 262 3326; x_wconf 86' lang='lat' dir='ltr'><strong>aliquid</strong></span> <span class='ocrx_word' id='word_1_178' title='bbox 280 3243 406 3317; x_wconf 86' lang='lat' dir='ltr'><strong>iterum,</strong></span> <span class='ocrx_word' id='word_1_179' title='bbox 434 3241 460 3303; x_wconf 94' lang='lat' dir='ltr'><strong>si</strong></span> <span class='ocrx_word' id='word_1_180' title='bbox 478 3253 567 3302; x_wconf 89' lang='lat' dir='ltr'><strong>tuum</strong></span> <span class='ocrx_word' id='word_1_181' title='bbox 585 3243 771 3322; x_wconf 86' lang='lat' dir='ltr'><strong>supplicium</strong></span> <span class='ocrx_word' id='word_1_182' title='bbox 791 3240 969 3317; x_wconf 71' lang='lat' dir='ltr'><strong>differetur,</strong></span> <span class='ocrx_word' id='word_1_183' title='bbox 992 3246 1151 3305; x_wconf 85' lang='lat' dir='ltr'><strong>truculen-</strong></span> 
     </span>
     <span class='ocr_line' id='line_1_25' title="bbox 143 3340 1151 3423; baseline -0.002 -17"><span class='ocrx_word' id='word_1_184' title='bbox 143 3355 209 3406; x_wconf 90' lang='lat' dir='ltr'><strong>tum</strong></span> <span class='ocrx_word' id='word_1_185' title='bbox 236 3366 271 3404; x_wconf 86' lang='lat' dir='ltr'><strong>cc</strong></span> <span class='ocrx_word' id='word_1_186' title='bbox 294 3355 385 3405; x_wconf 88' lang='lat' dir='ltr'><strong>etrox</strong></span> <span class='ocrx_word' id='word_1_187' title='bbox 412 3342 445 3402; x_wconf 90' lang='lat' dir='ltr'><strong>in</strong></span> <span class='ocrx_word' id='word_1_188' title='bbox 473 3361 532 3402; x_wconf 89' lang='lat' dir='ltr'><strong>uos</strong></span> <span class='ocrx_word' id='word_1_189' title='bbox 559 3340 727 3406; x_wconf 87' lang='lat' dir='ltr'><strong>immineat.</strong></span> <span class='ocrx_word' id='word_1_190' title='bbox 763 3344 858 3423; x_wconf 76' lang='lat' dir='ltr'><strong>Quod</strong></span> <span class='ocrx_word' id='word_1_191' title='bbox 882 3343 937 3406; x_wconf 89' lang='lat' dir='ltr'><strong>Dii</strong></span> <span class='ocrx_word' id='word_1_192' title='bbox 961 3340 1151 3404; x_wconf 85' lang='lat' dir='ltr'><strong>immortales</strong></span> 
     </span>
     <span class='ocr_line' id='line_1_26' title="bbox 143 3440 1152 3523; baseline -0.001 -18"><span class='ocrx_word' id='word_1_193' title='bbox 143 3444 260 3515; x_wconf 85' lang='lat' dir='ltr'><strong>nolint,</strong></span> <span class='ocrx_word' id='word_1_194' title='bbox 298 3451 333 3500; x_wconf 92' lang='lat' dir='ltr'><strong>ut</strong></span> <span class='ocrx_word' id='word_1_195' title='bbox 363 3451 397 3500; x_wconf 87' lang='lat' dir='ltr'><strong>tu</strong></span> <span class='ocrx_word' id='word_1_196' title='bbox 426 3440 567 3503; x_wconf 85' lang='lat' dir='ltr'><strong>ulteriori</strong></span> <span class='ocrx_word' id='word_1_197' title='bbox 601 3442 739 3505; x_wconf 79' lang='lat' dir='ltr'><strong>ementire</strong></span> <span class='ocrx_word' id='word_1_198' title='bbox 768 3441 918 3516; x_wconf 87' lang='lat' dir='ltr'><strong>serveris,</strong></span> <span class='ocrx_word' id='word_1_199' title='bbox 965 3462 1031 3523; x_wconf 88' lang='lat' dir='ltr'><strong>quo</strong></span> <span class='ocrx_word' id='word_1_200' title='bbox 1059 3440 1152 3504; x_wconf 84' lang='lat' dir='ltr'><strong>istam</strong></span> 
     </span>
     <span class='ocr_line' id='line_1_27' title="bbox 143 3540 1151 3623; baseline 0.002 -22"><span class='ocrx_word' id='word_1_201' title='bbox 143 3541 256 3602; x_wconf 89' lang='lat' dir='ltr'><strong>iterum</strong></span> <span class='ocrx_word' id='word_1_202' title='bbox 274 3557 409 3601; x_wconf 77' lang='lat' dir='ltr'><strong>renoves</strong></span> <span class='ocrx_word' id='word_1_203' title='bbox 435 3540 644 3618; x_wconf 78' lang='lat' dir='ltr'><strong>perversitatis</strong></span> <span class='ocrx_word' id='word_1_204' title='bbox 664 3553 723 3604; x_wconf 82' lang='lat' dir='ltr'><strong>tuae</strong></span> <span class='ocrx_word' id='word_1_205' title='bbox 746 3543 878 3606; x_wconf 81' lang='lat' dir='ltr'><strong>femsml</strong></span> <span class='ocrx_word' id='word_1_206' title='bbox 909 3540 1035 3623; x_wconf 79' lang='lat' dir='ltr'><strong>Quippe</strong></span> <span class='ocrx_word' id='word_1_207' title='bbox 1053 3562 1151 3605; x_wconf 88' lang='lat' dir='ltr'><strong>nemo</strong></span> 
     </span>
     <span class='ocr_line' id='line_1_28' title="bbox 143 3638 1150 3725; baseline 0.006 -26"><span class='ocrx_word' id='word_1_208' title='bbox 143 3649 207 3713; x_wconf 90' lang='lat' dir='ltr'><strong>est,</strong></span> <span class='ocrx_word' id='word_1_209' title='bbox 247 3638 302 3719; x_wconf 91' lang='lat' dir='ltr'><strong>qui</strong></span> <span class='ocrx_word' id='word_1_210' title='bbox 330 3657 397 3699; x_wconf 91' lang='lat' dir='ltr'><strong>non</strong></span> <span class='ocrx_word' id='word_1_211' title='bbox 423 3651 509 3702; x_wconf 89' lang='lat' dir='ltr'><strong>certo</strong></span> <span class='ocrx_word' id='word_1_212' title='bbox 536 3641 595 3703; x_wconf 90' lang='lat' dir='ltr'><strong>sibi</strong></span> <span class='ocrx_word' id='word_1_213' title='bbox 620 3655 794 3723; x_wconf 86' lang='lat' dir='ltr'><strong>proponat,</strong></span> <span class='ocrx_word' id='word_1_214' title='bbox 832 3645 912 3708; x_wconf 89' lang='lat' dir='ltr'><strong>situ</strong></span> <span class='ocrx_word' id='word_1_215' title='bbox 935 3643 1055 3725; x_wconf 81' lang='lat' dir='ltr'><strong>aliquot</strong></span> <span class='ocrx_word' id='word_1_216' title='bbox 1081 3642 1150 3705; x_wconf 88' lang='lat' dir='ltr'><strong>dies</strong></span> 
     </span>
     <span class='ocr_line' id='line_1_29' title="bbox 142 3736 1150 3825; baseline 0.001 -24"><span class='ocrx_word' id='word_1_217' title='bbox 142 3736 296 3818; x_wconf 71' lang='lat' dir='ltr'><strong>respersis,</strong></span> <span class='ocrx_word' id='word_1_218' title='bbox 325 3760 445 3802; x_wconf 87' lang='lat' dir='ltr'><strong>novum</strong></span> <span class='ocrx_word' id='word_1_219' title='bbox 464 3740 517 3804; x_wconf 80' lang='lat' dir='ltr'><strong>abs</strong></span> <span class='ocrx_word' id='word_1_220' title='bbox 537 3752 567 3804; x_wconf 88' lang='lat' dir='ltr'><strong>te</strong></span> <span class='ocrx_word' id='word_1_221' title='bbox 587 3741 722 3825; x_wconf 81' lang='lat' dir='ltr'><strong>aliquid,</strong></span> <span class='ocrx_word' id='word_1_222' title='bbox 748 3741 807 3805; x_wconf 91' lang='lat' dir='ltr'><strong>illis</strong></span> <span class='ocrx_word' id='word_1_223' title='bbox 826 3742 965 3824; x_wconf 86' lang='lat' dir='ltr'><strong>pristinis</strong></span> <span class='ocrx_word' id='word_1_224' title='bbox 984 3760 1049 3804; x_wconf 89' lang='lat' dir='ltr'><strong>nou</strong></span> <span class='ocrx_word' id='word_1_225' title='bbox 1068 3741 1150 3804; x_wconf 86' lang='lat' dir='ltr'><strong>absi-</strong></span> 
     </span>
     <span class='ocr_line' id='line_1_30' title="bbox 142 3836 1148 3926; baseline 0.002 -27"><span class='ocrx_word' id='word_1_226' title='bbox 142 3839 215 3899; x_wconf 87' lang='lat' dir='ltr'><strong>mile</strong></span> <span class='ocrx_word' id='word_1_227' title='bbox 245 3836 450 3917; x_wconf 85' lang='lat' dir='ltr'><strong>prediturum.</strong></span> <span class='ocrx_word' id='word_1_228' title='bbox 498 3840 549 3903; x_wconf 81' lang='lat' dir='ltr'><strong>Ad</strong></span> <span class='ocrx_word' id='word_1_229' title='bbox 581 3843 667 3924; x_wconf 85' lang='lat' dir='ltr'><strong>quod</strong></span> <span class='ocrx_word' id='word_1_230' title='bbox 694 3852 729 3903; x_wconf 92' lang='lat' dir='ltr'><strong>tu</strong></span> <span class='ocrx_word' id='word_1_231' title='bbox 754 3840 864 3915; x_wconf 87' lang='lat' dir='ltr'><strong>etiam,</strong></span> <span class='ocrx_word' id='word_1_232' title='bbox 901 3860 1060 3926; x_wconf 82' lang='lat' dir='ltr'><strong>nunquam</strong></span> <span class='ocrx_word' id='word_1_233' title='bbox 1085 3840 1148 3902; x_wconf 88' lang='lat' dir='ltr'><strong>nisi</strong></span> 
     </span>
     <span class='ocr_line' id='line_1_31' title="bbox 141 3936 1148 4023; baseline 0.001 -23"><span class='ocrx_word' id='word_1_234' title='bbox 141 3936 346 4018; x_wconf 84' lang='lat' dir='ltr'><strong>disponendis</strong></span> <span class='ocrx_word' id='word_1_235' title='bbox 373 3940 541 4023; x_wconf 83' lang='lat' dir='ltr'><strong>sceleribus</strong></span> <span class='ocrx_word' id='word_1_236' title='bbox 571 3940 725 4021; x_wconf 84' lang='lat' dir='ltr'><strong>prudens,</strong></span> <span class='ocrx_word' id='word_1_237' title='bbox 758 3950 857 4003; x_wconf 83' lang='lat' dir='ltr'><strong>astute</strong></span> <span class='ocrx_word' id='word_1_238' title='bbox 882 3940 1067 4023; x_wconf 76' lang='lat' dir='ltr'><strong>comparasti</strong></span> <span class='ocrx_word' id='word_1_239' title='bbox 1095 3952 1148 4015; x_wconf 89' lang='lat' dir='ltr'><strong>te,</strong></span> 
     </span>
     <span class='ocr_line' id='line_1_32' title="bbox 143 4038 1150 4121; baseline 0.005 -23"><span class='ocrx_word' id='word_1_240' title='bbox 143 4038 271 4119; x_wconf 80' lang='lat' dir='ltr'><strong>quaudo</strong></span> <span class='ocrx_word' id='word_1_241' title='bbox 289 4039 368 4100; x_wconf 87' lang='lat' dir='ltr'><strong>hane</strong></span> <span class='ocrx_word' id='word_1_242' title='bbox 386 4051 606 4120; x_wconf 76' lang='lat' dir='ltr'><strong>preposteram</strong></span> <span class='ocrx_word' id='word_1_243' title='bbox 624 4041 839 4104; x_wconf 82' lang='lat' dir='ltr'><strong>defensionem</strong></span> <span class='ocrx_word' id='word_1_244' title='bbox 858 4039 891 4102; x_wconf 92' lang='lat' dir='ltr'><strong>in</strong></span> <span class='ocrx_word' id='word_1_245' title='bbox 909 4053 1031 4121; x_wconf 86' lang='lat' dir='ltr'><strong>tempus</strong></span> <span class='ocrx_word' id='word_1_246' title='bbox 1050 4041 1150 4103; x_wconf 87' lang='lat' dir='ltr'><strong>distu-</strong></span> 
     </span>
     <span class='ocr_line' id='line_1_33' title="bbox 139 4136 1151 4223; baseline 0.003 -23"><span class='ocrx_word' id='word_1_247' title='bbox 139 4136 219 4214; x_wconf 91' lang='lat' dir='ltr'><strong>listi,</strong></span> <span class='ocrx_word' id='word_1_248' title='bbox 245 4136 292 4198; x_wconf 91' lang='lat' dir='ltr'><strong>sic</strong></span> <span class='ocrx_word' id='word_1_249' title='bbox 309 4138 380 4201; x_wconf 87' lang='lat' dir='ltr'><strong>lore</strong></span> <span class='ocrx_word' id='word_1_250' title='bbox 399 4150 527 4221; x_wconf 86' lang='lat' dir='ltr'><strong>putans,</strong></span> <span class='ocrx_word' id='word_1_251' title='bbox 562 4151 598 4201; x_wconf 91' lang='lat' dir='ltr'><strong>ut</strong></span> <span class='ocrx_word' id='word_1_252' title='bbox 622 4152 712 4204; x_wconf 87' lang='lat' dir='ltr'><strong>tuum</strong></span> <span class='ocrx_word' id='word_1_253' title='bbox 731 4141 839 4204; x_wconf 88' lang='lat' dir='ltr'><strong>odium</strong></span> <span class='ocrx_word' id='word_1_254' title='bbox 861 4141 1053 4217; x_wconf 83' lang='lat' dir='ltr'><strong>mitesceret,</strong></span> <span class='ocrx_word' id='word_1_255' title='bbox 1080 4141 1151 4223; x_wconf 87' lang='lat' dir='ltr'><strong>ipse</strong></span> 
     </span>
    </p>
   </div>
   <div class='ocr_carea' id='block_1_3' title="bbox 173 4361 1147 4524">
    <p class='ocr_par' dir='ltr' id='par_1_3' title="bbox 173 4361 1147 4524">
     <span class='ocr_line' id='line_1_34' title="bbox 176 4361 1147 4441; baseline 0 -16"><span class='ocrx_word' id='word_1_256' title='bbox 176 4361 206 4434; x_wconf 66' lang='lat'><strong>⁸)</strong></span> <span class='ocrx_word' id='word_1_257' title='bbox 225 4378 348 4426; x_wconf 82' lang='lat' dir='ltr'><strong>zulsshsn</strong></span> <span class='ocrx_word' id='word_1_258' title='bbox 375 4390 426 4424; x_wconf 86' lang='lat' dir='ltr'><strong>cun</strong></span> <span class='ocrx_word' id='word_1_259' title='bbox 443 4400 476 4413; x_wconf 92' lang='lat'>-</span> <span class='ocrx_word' id='word_1_260' title='bbox 496 4379 542 4427; x_wconf 82' lang='lat' dir='ltr'><strong>ab:</strong></span> <span class='ocrx_word' id='word_1_261' title='bbox 570 4381 639 4434; x_wconf 75' lang='lat' dir='ltr'><strong>mter</strong></span> <span class='ocrx_word' id='word_1_262' title='bbox 656 4370 786 4440; x_wconf 71' lang='lat' dir='ltr'><strong>belgesezt.</strong></span> <span class='ocrx_word' id='word_1_263' title='bbox 829 4370 878 4441; x_wconf 73' lang='lat'><strong>¹‘*)</strong></span> <span class='ocrx_word' id='word_1_264' title='bbox 903 4381 964 4428; x_wconf 78' lang='lat' dir='ltr'><strong>nacti</strong></span> <span class='ocrx_word' id='word_1_265' title='bbox 982 4379 1147 4439; x_wconf 64' lang='lat' dir='ltr'><strong>attenti-crte:</strong></span> 
     </span>
     <span class='ocr_line' id='line_1_35' title="bbox 173 4455 867 4524; baseline 0.004 -14"><span class='ocrx_word' id='word_1_266' title='bbox 173 4464 240 4510; x_wconf 61' lang='lat' dir='ltr'><strong>*sus</strong></span> <span class='ocrx_word' id='word_1_267' title='bbox 258 4465 356 4508; x_wconf 69' lang='lat' dir='ltr'><strong>sordens</strong></span> <span class='ocrx_word' id='word_1_268' title='bbox 372 4461 504 4519; x_wconf 73' lang='lat' dir='ltr'><strong>belsesezt.</strong></span> <span class='ocrx_word' id='word_1_269' title='bbox 539 4455 600 4524; x_wconf 65' lang='lat' dir='ltr'><strong>m⁸)</strong></span> <span class='ocrx_word' id='word_1_270' title='bbox 616 4479 669 4512; x_wconf 81' lang='lat' dir='ltr'><strong>em</strong></span> <span class='ocrx_word' id='word_1_271' title='bbox 686 4467 807 4524; x_wconf 76' lang='lat' dir='ltr'><strong>tuclplas,</strong></span> <span class='ocrx_word' id='word_1_272' title='bbox 826 4464 867 4514; x_wconf 80' lang='lat' dir='ltr'><strong>tls.</strong></span> 
     </span>
    </p>
   </div>
   <div class='ocr_carea' id='block_1_4' title="bbox 0 0 1316 5108">
    <p class='ocr_par' dir='ltr' id='par_1_4' title="bbox 0 0 1316 5108">
     <span class='ocr_line' id='line_1_36' title="bbox 0 0 1316 5108; baseline 0 1"><span class='ocrx_word' id='word_1_273' title='bbox 0 0 1316 5108; x_wconf 95' lang='lat' dir='ltr'><strong> </strong></span> 
     </span>
    </p>
   </div>
  </div>
 </body>
</html>
