2624 5108
756 149 758 156 t

517 93 636 272 Ι
757 188 758 200 i

596 884 728 959 Nemo.
1100 888 1173 959 315

149 1078 190 1143 ab
220 1079 352 1140 ecclesia
386 1086 464 1140 Pius
487 1082 641 1140 sectandus
668 1076 766 1141 Pont.
803 1077 893 1140 Max.
933 1096 1000 1140 non
1037 1075 1173 1140 obscure

150 1163 308 1264 mariun.
327 1178 478 1240 Profecto
493 1178 548 1240 ubi
559 1177 635 1241 nihil
647 1198 730 1260 opus
742 1188 809 1252 cst,
828 1177 1005 1249 ferociunt,
1026 1177 1082 1239 rabi
1097 1176 1174 1240 laci·

149 1279 268 1342 endum
287 1277 481 1359 periculum,
508 1277 554 1341 ibi
574 1299 609 1340 se
626 1279 811 1343 subtrahunt
823 1279 949 1359 providi
968 1289 1171 1360 pugnatores,

151 1400 188 1441 ae
215 1378 355 1462 quietem
376 1379 529 1460 allegant,
558 1400 627 1462 que
653 1380 806 1442 debeatur
824 1377 984 1461 religioni.
1021 1379 1075 1442 Ad
1095 1376 1174 1462 quid

148 1477 247 1559 igitur
275 1477 349 1541 istas
376 1489 484 1557 putem
511 1478 659 1543 conferre
685 1478 884 1543 scholasticas
909 1477 1171 1560 disceptationes,

148 1577 293 1652 totuis,
323 1589 385 1639 tam
410 1577 542 1640 diversis
562 1578 699 1644 interae
725 1578 931 1662 opinionibus
951 1578 1169 1656 concinnatas,

146 1678 234 1740 narde
253 1678 318 1739 trec
335 1677 479 1753 nomina,
505 1680 564 1743 bos
585 1690 738 1759 usurpant
757 1678 888 1743 titulos?
915 1681 1134 1753 Hieronymus
1153 1700 1172 1742 a

146 1777 357 1862 piscatoribus
376 1777 473 1852 suini,
495 1779 585 1862 qarod
604 1780 699 1844 fidem
719 1778 836 1843 Christi
857 1789 994 1854 astnrat,
1018 1789 1171 1859 oportere

148 1878 301 1955 eredidit,
335 1889 366 1940 et
393 1877 586 1941 dialecticam
603 1879 714 1944 abesse
733 1878 842 1962 jussit,
863 1900 959 1963 quam
984 1877 1010 1943 si
1030 1878 1077 1944 his
1097 1878 1171 1942 ade-

146 1979 259 2054 meris,
289 1978 369 2061 quid
396 1978 512 2063 reliqui
535 1980 660 2044 facies?
700 1981 819 2044 lterum
844 1966 919 2044 dico
944 1978 1042 2061 igitur
1062 1988 1170 2057 Crete,

146 2081 203 2163 qui
223 2079 365 2161 ingenuo
384 2091 458 2142 sunt
476 2079 603 2159 auimo,
622 2098 660 2143 ac
677 2092 763 2145 recte
780 2081 901 2157 libero,
921 2080 976 2153 this
988 2080 1172 2153 laciendum

144 2181 208 2245 troc
226 2191 389 2261 tempore,
426 2190 461 2242 ut
489 2180 594 2243 omnia
621 2180 745 2257 malint,
779 2203 876 2265 quam
901 2181 989 2266 vulgi
1015 2181 1172 2265 inservire

145 2278 278 2362 judicio.
318 2280 365 2342 lta
383 2280 499 2359 passim
516 2293 655 2357 enema,
675 2282 945 2355 itanihilsumus,
967 2280 1009 2342 oh
1030 2280 1062 2341 id
1081 2279 1171 2361 quod

147 2380 233 2459 bani,
244 2401 315 2443 esse
334 2381 519 2456 studemus,
544 2401 582 2443 ae
599 2381 675 2445 nihil
694 2383 830 2458 scimus,
850 2380 926 2465 quia
944 2378 1064 2463 aliquid
1082 2390 1170 2441 reete

149 2480 272 2544 scimus.
312 2481 410 2561 Quod
431 2480 457 2541 si
476 2480 533 2542 tibi
552 2482 700 2557 videtur,
725 2495 757 2543 et
778 2483 809 2544 iu
829 2502 866 2542 ea
886 2502 920 2545 es
941 2477 1114 2555 sententia,
1134 2489 1175 2542 ut

147 2600 343 2665 magnopere
363 2601 428 2642 non
448 2601 557 2657 cures,
581 2583 660 2666 quid
678 2582 855 2645 istiusmodi
874 2583 1012 2662 probent
1030 2580 1170 2658 judices,
1255 2570 1259 2583 ¹

144 2694 302 2765 perpetuo
322 2682 439 2744 erimus
461 2681 549 2744 nihil.
594 2682 644 2745 Ac
662 2683 802 2746 suaviter
821 2682 979 2745 interdum
996 2679 1170 2747 ridebimus

143 2783 306 2846 homiuum
335 2801 452 2844 mores.
509 2783 560 2844 De
591 2802 645 2845 me
673 2782 718 2845 sie
747 2783 840 2858 habe,
875 2793 997 2847 certum
1019 2784 1072 2847 'est
1102 2802 1170 2844 non

144 2882 281 2967 obsequi
306 2883 372 2958 his,
400 2883 455 2966 qui
479 2903 530 2945 me
552 2884 729 2945 Ductorem
756 2902 826 2947 esse
853 2885 975 2946 volunt.
1022 2885 1169 2963 Quorum

142 2983 291 3067 proxime
321 2982 468 3065 quidam,
501 2983 582 3045 adde
613 2983 717 3066 iuquit
747 3004 865 3047 nornen
891 2983 956 3061 rei,
987 2982 1016 3047 si
1042 3004 1170 3067 possem

143 3083 298 3164 respondi
327 3104 396 3146 rem
422 3095 534 3164 postea
561 3083 693 3148 nomini.
742 3085 812 3147 Nee
842 3083 913 3149 illos
943 3105 1073 3160 moror,
1113 3085 1169 3173 qui

144 3182 221 3247 mihi
247 3184 332 3247 nulla
360 3184 486 3246 virtutis
513 3182 684 3265 opinione,
714 3185 772 3249 sed
790 3182 895 3267 pretio
916 3182 1053 3269 qrraasitis
1073 3184 1169 3247 titulis

143 3282 365 3365 presentantur.
401 3283 453 3344 Ac
476 3281 612 3347 libenter
630 3281 706 3347 nihil
725 3305 812 3362 anm,
842 3294 880 3349 ut
906 3306 948 3350 ne
973 3282 1008 3348 in
1031 3285 1095 3347 boe
1111 3283 1169 3349 im-

143 3381 273 3466 pingam
296 3381 474 3446 ambitionis
503 3383 661 3462 studium,
692 3396 726 3447 et
757 3387 811 3449 vel
839 3384 938 3451 latum
963 3383 1098 3469 digitum
1128 3384 1170 3447 ab

141 3485 285 3551 instituto
307 3483 467 3547 discedam
485 3504 569 3547 meo.
610 3484 663 3548 Tu
689 3484 811 3549 iactares
830 3492 940 3565 Croto,
966 3485 1169 3573 quandoqui-

141 3585 216 3649 dem
235 3597 268 3647 et
291 3585 503 3666 ipsemecum
521 3583 597 3648 nihil
617 3606 668 3660 es,
689 3585 752 3647 hoe
770 3585 848 3649 nibil
864 3587 939 3653 satis
959 3587 1058 3665 baba,
1079 3587 1169 3672 quod

142 3686 292 3769 pellegas.
330 3687 373 3746 Et
392 3683 470 3745 illud
488 3695 594 3748 tecum
607 3684 731 3767 cogita,
754 3705 829 3747 enm
843 3706 995 3770 quoque,
1016 3684 1073 3772 qui
1090 3686 1169 3751 nihil

142 3784 253 3861 faeiat,
286 3785 455 3868 aliquando
481 3785 589 3849 facere
615 3784 755 3869 aliquid,
786 3794 819 3846 et
845 3786 902 3868 qui
927 3786 1003 3849 nihil
1030 3787 1165 3858 scribat,

141 3885 283 3950 scribere
310 3888 442 3951 multum
468 3909 561 3970 saepe.
609 3886 708 3961 Vale,
738 3896 771 3946 et
798 3904 849 3947 me
877 3906 964 3958 ama,
997 3904 1108 3968 aquo
1134 3896 1166 3945 te

141 3984 360 4051 immortaliter
391 3988 487 4057 amari
519 4007 586 4050 non
613 3985 750 4050 obscure
776 3982 884 4051 sentis.
922 3984 1057 4050 -Deinde
1082 3984 1167 4050 buno

141 4086 215 4151 andi
233 4086 412 4153 Neminem.
449 4088 498 4154 Μ.
517 4087 559 4153 D.
577 4086 671 4153 XVI.
