2624 5108
505 852 633 925 Oratio
660 853 837 929 Secunda.
1106 871 1171 939 llo

156 1048 318 1131 attingam,
340 1065 451 1130 quarn
486 1065 546 1109 vos
580 1066 647 1108 non
671 1045 802 1127 poenitet
831 1055 953 1113 Alherti
982 1049 1029 1130 l),
1075 1055 1170 1137 hujus

154 1146 299 1211 Casimiri
328 1144 523 1209 lllarclrionis
547 1145 625 1207 avi?
668 1148 739 1225 Qua
762 1145 957 1224 isvirtute,·
981 1172 1045 1233 qua
1069 1158 1171 1237 gloria

151 1246 268 1309 vixitl·
295 1245 346 1308 De
369 1266 436 1329 quo
461 1265 537 1308 sane
556 1247 647 1325 plura
669 1244 825 1322 dicerem,
856 1259 888 1311 et
911 1248 1167 1331 quiescatur,

150 1358 184 1409 et
213 1344 291 1427 quia
318 1344 376 1408 laos
406 1355 498 1408 tantae
526 1343 596 1425 spei
620 1352 753 1424 nepotes
784 1358 858 1426 post
892 1370 928 1411 se
954 1350 1101 1433 reliquit,
1138 1368 1170 1418 re

151 1444 302 1522 Alberte,
334 1442 570 1525 Episcoporum
593 1442 689 1521 hujus
713 1447 865 1528 temporis
889 1449 1003 1529 decus,
1041 1452 1170 1517 unicum

151 1542 276 1625 pietatis
302 1553 536 1617 ornamentum,
564 1541 650 1623 pacis
675 1546 871 1627 praesidium,
902 1562 934 1612 et
957 1552 1009 1626 ⁴¹⁸¹)
1033 1552 1170 1616 rectissi-

151 1664 278 1707 morum
302 1639 479 1705 studiorum
501 1642 710 1721 adsertorem,
745 1666 810 1709 una
830 1668 903 1711 cum
919 1650 981 1713 lroc
1002 1650 1169 1716 Joacbimo

147 1745 264 1819 tratre,
292 1748 410 1825 magno
430 1738 564 1823 justitia,
589 1754 622 1807 et
640 1744 708 1817 aaa)
731 1747 864 1809 consilio
884 1748 1044 1830 principe,
1073 1762 1171 1837 teque

154 1842 328 1919 Casinrire,
357 1842 513 1907 bellorum
531 1841 668 1920 ladmen,
696 1856 729 1909 et
747 1866 854 1909 veram
877 1848 989 1911 Martis
1007 1850 1169 1930 sobolem,

149 1944 321 2027 vivamque
345 1939 427 2007 illius
457 1940 510 2004 avi
541 1941 726 2026 imaginem,
757 1966 831 2009 cum
859 1946 907 2010 his
933 1948 1102 2027 fratribus,
1136 1952 1170 2016 in

148 2060 271 2108 summa
285 2042 441 2105 universae
464 2040 638 2105 Gennanioe
657 2044 878 2125 expectatione
896 2049 1167 2130 adolescentibus,

147 2146 253 2225 plura,
278 2142 430 2226 inquam,
460 2142 616 2221 dicerem,
647 2143 708 2207 arisi
736 2144 787 2209 ille
811 2146 1011 2213 doctissimos
1025 2152 1169 2215 homiues

147 2244 242 2307 ltalos
261 2242 295 2307 in
314 2254 434 2305 tantum
457 2242 664 2307 admiratione
681 2244 732 2307 sui
751 2246 917 2323 tenuisset,
950 2261 986 2311 ut
1007 2249 1169 2315 literarum

150 2364 281 2427 qnoque
297 2342 511 2407 monumentis
528 2360 621 2406 suum
638 2364 755 2408 nomen
774 2345 965 2421 extaderint,
994 2357 1025 2410 et
1043 2351 1168 2413 Aeneas

150 2442 314 2519 Senensis,
356 2443 410 2505 cni
445 2454 557 2525 postea
592 2443 742 2507 Pontifici
773 2444 917 2507 Maximo
953 2445 1005 2507 Pii
1046 2469 1165 2511 nomen

147 2543 283 2607 inditum
301 2554 365 2619 est,
388 2544 580 2607 Gennanum
595 2541 748 2605 Achillem
766 2563 882 2605 vocare
903 2542 1014 2606 solitus
1031 2546 1072 2608 sit
1088 2548 1168 2625 ψ).

146 2646 213 2709 llos
233 2665 367 2729 quoque
395 2643 485 2707 aruris
504 2643 655 2707 continue
680 2642 785 2705 multis
812 2641 1021 2725 principatum
1042 2645 1077 2708 in
1103 2647 1168 2711 dis·

145 2744 261 2827 ciplina
278 2742 404 2807 militari
430 2743 605 2819 tenuimus,
645 2740 821 2826 imitatique
843 2754 917 2807 sunt
936 2755 1064 2809 nostros
1084 2746 1166 2813 ritas

146 2844 297 2909 Germani
323 2844 440 2927 reliqui
459 2863 587 2919 orares,
618 2842 651 2906 in
671 2838 764 2923 mins
785 2841 833 2911 rei
854 2845 1080 2909 documentum
1102 2845 1167 2925 jana

142 2966 228 3011 nunc
244 2945 323 3009 illud
341 2943 456 3026 passim
477 2945 644 3029 divagatur
660 2942 826 3025 adagium,
848 2945 966 3019 „Vetus
981 2945 1165 3023 Francum“,

143 3022 271 3129 qboties
288 3043 486 3127 significatur
504 3055 557 3107 aut
577 3042 612 3107 in
630 3042 771 3127 equestri
790 3056 958 3125 apparatu,
984 3059 1040 3111 aut
1063 3071 1166 3115 armo·

143 3166 216 3209 rum
242 3145 374 3219 habitu,
412 3144 453 3207 ab
475 3143 605 3226 antiquo
632 3144 711 3209 illud
742 3143 921 3227 repetitum.
967 3146 1059 3211 Licet
1088 3149 1167 3213 item

144 3245 225 3308 citra
251 3244 428 3325 jactantiam
459 3243 585 3320 dicere,
624 3264 693 3309 rem
721 3241 754 3305 in
789 3242 956 3307 Germania
984 3258 1166 3326 equestrem

142 3344 243 3409 bodie
266 3364 364 3427 penes
387 3345 532 3407 Francos
558 3365 629 3409 esse
654 3343 797 3407 maxime.
843 3344 912 3407 Nec
932 3361 992 3405 nos
1018 3343 1165 3424 cupidius

141 3446 305 3522 audimus,
334 3465 428 3529 quam
446 3464 504 3505 voe
522 3453 701 3507 constanter
714 3441 749 3506 in
764 3464 822 3507 ore
836 3441 956 3507 habetis
973 3441 1058 3506 aliud
1073 3455 1164 3507 vetus

141 3546 340 3621 (brubium,
359 3542 488 3619 „Omnis
504 3542 630 3606 Franco
646 3539 788 3607 nobilis¹‘.
827 3546 905 3623 Quae
926 3544 1049 3621 onnria,
1069 3565 1165 3628 quam

143 3667 165 3707 a
186 3668 239 3711 me
266 3646 328 3709 sint
351 3645 492 3707 breviter
515 3642 661 3716 inducta,
694 3661 875 3724 quanquam
897 3644 938 3707 ab
959 3643 1027 3707 aliis
1048 3645 1163 3709 diffuse

142 3744 329 3827 predicata,
355 3765 428 3807 cnm
446 3763 513 3805 non
533 3738 704 3825 ignoretis,
734 3739 898 3805 manifeste
915 3743 1035 3817 sentio,
1069 3764 1165 3826 quam

141 3846 278 3911 libenter
307 3847 374 3909 baec
402 3841 542 3906 debeatis
571 3838 768 3903 Francorum
798 3838 940 3916 nationi,
977 3839 1070 3922 cnjus
1096 3864 1164 3913 non

140 3948 271 4011 minima
292 3966 365 4027 pars
386 3946 602 4007 Huttenorum
626 3936 756 4014 familia,
786 3935 875 4000 annis
899 3950 986 4001 retro
1004 3942 1162 4007 sexcentis

138 4068 200 4110 sna
216 4046 350 4122 decora,
376 4064 433 4106 sua
450 4044 491 4105 de
509 4052 612 4105 vestra
628 4040 721 4102 lande
737 4037 866 4113 merita,
884 4057 952 4099 non
968 4038 1162 4120 redarguen-

140 4148 192 4211 dis
228 4144 362 4209 testibus
397 4160 645 4207 commemorare
683 4138 787 4203 habet.
842 4142 920 4220 Quae
951 4146 1057 4201 tamen
1086 4136 1163 4205 nibil

141 4292 312 4309 -ιιι

176 4378 208 4449 ·)
224 4383 385 4431 Marctlonls
397 4376 613 4437 tarcagestrtctren
634 4367 683 4437 ⁸⁴)
694 4382 719 4421 et
727 4408 736 4433 ,
754 4388 783 4431 ar,
809 4363 874 4435 m)
887 4382 929 4435 et,
948 4387 981 4421 ac.
1008 4364 1089 4436 ἨΜ)
1101 4374 1162 4423 nacla

169 4470 264 4519 wiltun
281 4468 315 4518 sit
334 4464 505 4520 anleaerllcber
520 4463 619 4513 zusatz.
