2624 5108
502 849 631 927 Oratio
659 849 810 942 Quarta.
1093 860 1164 975 159

144 1042 309 1123 displicere
326 1042 489 1106 credidit?
519 1044 563 1105 At
583 1042 660 1119 tibi,
680 1062 779 1129 quem
797 1042 893 1126 partis
912 1062 1044 1129 quoquo
1060 1044 1167 1112 liberis

141 1154 298 1219 auxerat,
322 1155 445 1206 tantum
463 1142 582 1219 abluit,
614 1154 649 1206 ut
673 1146 825 1223 placeret,
861 1155 897 1205 ut
918 1145 1011 1207 etiam
1038 1147 1168 1231 flagris,

140 1244 349 1319 verberibus,
372 1244 515 1328 laqueis,
546 1265 583 1306 ac
602 1245 749 1307 crucibus
776 1244 872 1326 petita
897 1244 948 1307 sit.
987 1248 1167 1331 Quicquam

141 1346 241 1429 igitur
257 1346 409 1409 committi
431 1346 535 1407 abs'te
550 1332 657 1431 potest
670 1346 822 1409 adversus
842 1347 926 1408 hamc
943 1368 1056 1411 sexum
1076 1348 1167 1409 inho-

143 1448 283 1522 nestius,
307 1448 349 1509 'ac
372 1444 614 1509 detestabilius?
643 1442 707 1509 vet
734 1446 786 1509 cui
803 1447 1009 1527 persuadebis
1027 1470 1169 1532 unquam

142 1526 303 1609 bono'rem
318 1557 350 1608 te
366 1548 513 1611 babuisse
527 1544 729 1623 mulieribus,
759 1547 815 1631 qui
830 1560 941 1611 contra
959 1551 1040 1612 hanc
1057 1552 1168 1627 talem,
1208 1608 1212 1615 .

144 1668 183 1710 ac
198 1658 317 1709 tantam
333 1646 473 1713 inaudito
496 1646 628 1710 feritatis
649 1667 770 1731 genere
793 1646 1002 1715 debacchatus
1021 1646 1079 1714 est
1106 1650 1170 1723 Sed

141 1746 206 1830 jam
231 1747 313 1811 dlud
339 1746 415 1811 mibi
442 1747 603 1824 occurrit,
642 1769 709 1831 quo
737 1756 773 1812 tu
801 1749 943 1831 respicis.
994 1752 1084 1814 Bene
1111 1762 1170 1815 est.

142 1849 229 1911 lllam
244 1858 303 1910 tuo
320 1848 469 1930 amplexu
484 1846 630 1930 digrratus
646 1870 680 1911 es
694 1850 853 1913 moecham.
891 1852 964 1913 Hoc
982 1863 1014 1915 te
1028 1854 1169 1930 nomine,

144 1950 218 2011 huic
233 1950 437 2013 communias
455 1948 567 2024 sexui,
597 1960 628 2013 et
646 1948 757 2013 vincis.
795 1952 907 2014 Salvus
928 1972 974 2013 es.
1013 1954 1116 2035 Quam
1134 1966 1170 2019 tu

143 2050 236 2112 aliam
257 2048 345 2113 enim
360 2049 526 2113 mulierem
541 2049 702 2113 honorasti
721 2073 878 2134 unquam,
910 2054 1172 2139 quandoquidem

142 2140 306 2215 honorare
331 2150 417 2233 apud
446 2161 479 2211 te
505 2161 570 2226 cst,
611 2152 713 2233 stupri
739 2154 921 2217 colluvione
948 2154 1172 2235 perfundere?

144 2252 300 2319 Proinde,
318 2252 404 2315 istud
430 2252 541 2319 deame
577 2252 684 2315 velum
715 2253 863 2337 nequitie
894 2257 955 2315 lue
985 2252 1171 2317 obtendere.

146 2354 270 2417 Notum
280 2364 341 2429 est,
364 2372 460 2437 quam
472 2363 690 2416 conservatam
704 2354 783 2416 velis
798 2352 965 2417 mulierum
977 2352 1170 2437 pudicitiam,

150 2451 208 2536 qui
230 2453 339 2530 unius,
372 2465 406 2516 et
432 2454 560 2517 alterius
587 2454 757 2518 calamitate
787 2454 928 2515 omnium
950 2454 1037 2515 inte
1062 2454 1173 2518 odium

151 2552 324 2617 concitasti.
363 2552 534 2629 Ceterum,
566 2561 602 2616 ut
625 2567 654 2616 te
672 2554 833 2617 absolvam
849 2553 991 2628 taudem,
1027 2553 1072 2617 sic
1100 2553 1170 2636 ajo,

149 2654 208 2719 nisi
232 2654 296 2719 tuia
316 2653 383 2719 istis
408 2655 518 2731 armis,
551 2676 620 2739 quae
637 2655 678 2718 ad
696 2653 823 2716 sceleris
840 2653 888 2715 tui
910 2653 1014 2717 foedus
1036 2656 1172 2740 conqui-

147 2755 269 2832 sivisti,
307 2758 448 2819 conlisus
476 2776 577 2832 esses,
611 2777 774 2839 nimquam
799 2755 833 2817 in
856 2757 919 2819 hoc
946 2756 1082 2819 concilio
1109 2769 1172 2821 tam

147 2856 281 2933 tamn,
312 2869 346 2919 et
365 2859 397 2933 ²⁸)
417 2876 563 2951 spurcam
580 2856 800 2922 defensionem
818 2854 957 2931 iniisses,
988 2878 1048 2920 nee
1066 2858 1174 2943 siquid

146 2957 219 3041 jure
232 2969 380 3041 peteres,
399 2956 448 3019 his
462 2968 573 3019 contra
587 2978 646 3019 nos
662 2959 819 3040 figmentis
836 2978 913 3021 ustis
930 2978 1027 3021 esses.
1065 2961 1174 3042 Quare

137 3052 185 3121 *ut
204 3060 257 3121 rel
280 3080 347 3121 uno
366 3059 468 3119 verbo
489 3067 585 3120 totam
603 3055 684 3120 ibam
707 3069 793 3120 tuam
811 3056 1031 3121 defensionem
1047 3060 1173 3140 penitus

149 3156 311 3241 jugulam,
337 3170 371 3223 et
385 3158 436 3233 ”l
455 3158 654 3239 extinguam,
681 3160 742 3222 boc
759 3158 884 3219 tandem
900 3157 1012 3220 dicam.
1051 3160 1084 3220 Si
1101 3182 1174 3222 cum

150 3272 211 3321 tuo
221 3258 309 3321 iacto
323 3262 383 3323 ulla
398 3257 569 3339 conjuncta
584 3270 667 3322 esset
678 3259 777 3334 ratio,
796 3279 863 3321 non
881 3268 912 3321 te
928 3266 976 3319 tot
988 3254 1175 3321 nobilissimi

149 3359 298 3423 homines
317 3360 419 3423 intua
439 3360 527 3441 prius
546 3361 634 3435 aula,
659 3371 782 3443 tuoque
799 3358 950 3423 comitatu
966 3357 1099 3433 versati,
1132 3358 1175 3420 ob

148 3460 324 3525 inauditam
346 3460 474 3525 sceleris
501 3460 547 3522 tui
571 3459 726 3525 diritatem
746 3460 982 3536 deseruissent,
1009 3479 1116 3545 neque
1140 3470 1177 3522 tu

150 3574 215 3625 tres
243 3562 431 3626 clarissimos
463 3559 639 3643 principes,
683 3562 767 3623 bunc
797 3560 990 3636 Palatinum,
1035 3573 1068 3622 et
1106 3560 1177 3643 ejus

151 3660 303 3737 fratrem,
332 3662 533 3726 Fridericum
553 3682 617 3724 una
638 3681 709 3723 cum
727 3659 989 3743 Vbrceburgenai
1013 3663 1177 3743 Episcopo

153 3759 380 3827 intercessores
408 3764 494 3845 apud
520 3783 579 3826 noa
609 3761 831 3833 subornasses,
875 3756 934 3840 qui
961 3770 1018 3823 tuo
1049 3762 1178 3825 nomine

152 3860 308 3925 offerrent
323 3864 494 3926 duodecim
507 3862 602 3926 millia
614 3880 784 3925 aureorum
800 3878 978 3932 nummum,
998 3871 1034 3921 ut
1050 3882 1176 3926 accusa-

151 3964 278 4029 tionem
305 3964 551 4040 dimitteremus,
585 3962 743 4045 simulque
780 3956 980 4039 consignatas
1016 3970 1093 4033 tuo,
1147 3973 1180 4023 et

150 4065 281 4128 illorum
302 4064 401 4149 signis
426 4064 547 4139 literas,
585 4062 701 4147 quibus
728 4061 970 4143 inperpetuum
991 4056 1032 4120 de
1051 4055 1178 4138 juvenis

152 4166 353 4242 innocentia,
381 4178 414 4228 et
439 4164 528 4249 quod
548 4175 583 4227 tu
606 4164 693 4226 illum
720 4163 805 4226 nulla
832 4164 891 4223 sud
913 4161 1021 4241 culpa,
1055 4157 1112 4221 sed
1133 4158 1180 4219 ira

151 4265 297 4349 percitus
309 4264 569 4342 obtnrncaveris,
588 4275 735 4331 testatum
746 4274 842 4327 esset.
873 4259 985 4326 Recita
1000 4260 1180 4343 exemplum

187 4498 217 4563 Ἰ
233 4516 260 4555 at
271 4539 280 4567 ,
298 4518 333 4554 aa.
370 4497 418 4568 ⁹⁴)
437 4514 477 4565 at,
496 4518 529 4553 ac.
