2624 5108
211 874 281 953 506
364 928 368 933 -
423 857 424 860 i
591 821 853 951 Exhortatoria

204 1079 292 1145 tare,
325 1085 362 1132 ae
389 1068 496 1134 inanes
510 1056 659 1152 ‘proflare
685 1069 802 1144 fumos.
849 1065 949 1132 Cervi
975 1086 1122 1153 qnoque,
1154 1078 1230 1134 eum

205 1189 328 1233 cornua
355 1169 504 1244 babeant,
537 1178 572 1231 et
599 1167 767 1233 velocitate
793 1168 949 1251 polleant,
980 1167 1182 1235 nibilominus
1208 1191 1228 1233 a

203 1269 332 1336 minutis
364 1278 588 1353 expugnantur
617 1266 736 1332 bestiis.
761 1263 955 1353 ‘Nunquam
984 1289 1045 1334 nos
1074 1266 1227 1333 timebunt

206 1372 330 1434 Turre.
375 1371 441 1435 Res
468 1368 552 1433 enim
573 1387 701 1455 magnas
720 1369 823 1434 stiunt
841 1367 982 1433 consiliis
1000 1369 1090 1453 geri,
1123 1370 1230 1436 sciunt

205 1471 378 1535 eoncordia
415 1479 449 1531 et
479 1488 653 1544 consensu,
691 1488 729 1530 ae
758 1478 849 1553 erga¹
869 1470 968 1537 dures
1004 1470 1243 1554 obsequentia,

204 1574 301 1654 Qua,
330 1571 436 1634 donee
454 1568 584 1635 anobis
603 1569 734 1646 absunt,
761 1568 897 1634 desinite
920 1571 1014 1634 ultam
1033 1581 1144 1651 putare
1164 1583 1230 1637 tam

198 1669 359 1740 imbellem
379 1671 553 1748 nationem,
583 1691 653 1755 qna
678 1690 738 1734 nos
760 1669 881 1746 timeat,
908 1668 1004 1734 immo
1025 1691 1121 1746 vero,
1155 1679 1228 1755 qun

201 1790 270 1836 non
289 1772 457 1855 aliquando
474 1790 662 1855 oppugnare
677 1771 800 1834 audeat.
847 1771 963 1854 Neque
976 1781 1082 1834 tamen
1096 1771 1225 1848 dubito,

203 1871 383 1954 Principes,
411 1871 546 1936 maxima
564 1870 691 1936 interim
705 1870 797 1949 robis
814 1870 936 1955 aliquos
955 1873 1163 1954 promittere,
1190 1883 1228 1936 nt

203 1971 304 2036 simile
332 1970 481 2055 quiddam
504 1973 668 2054 contingat
685 1970 744 2050 iis,
771 1992 841 2056 quse
866 1971 905 2035 in
920 1973 1052 2039 somniis
1070 1976 1231 2037 videmus..

203 2071 248 2136 Ut
279 2071 363 2134 enim
394 2071 527 2134 maxime
559 2071 723 2150 distantia,
765 2072 952 2137 brevissimo
988 2073 1034 2137 ibi
1062 2086 1224 2137 momento

202 2169 372 2252 eonjuncta
390 2171 557 2249 habemus,
576 2194 683 2258 neque
701 2174 794 2239 ullam
811 2175 956 2239 locorum
974 2186 1029 2237 aut
1044 2185 1225 2255 temporum

202 2269 411 2337 differentiam
438 2283 629 2354 spectamus,
666 2273 709 2337 ita
733 2273 803 2339 illos
831 2276 929 2339 eredo
956 2274 989 2337 in
1015 2273 1125 2337 mediis
1153 2274 1223 2336 istis

201 2371 503 2452 compotationibus,
547 2372 581 2438 in
616 2374 772 2439 conviviis
801 2387 834 2438 et
854 2377 886 2449 ⁶)
917 2376 1060 2451 choreis,
1105 2385 1160 2436 aut
1195 2376 1224 2438 si

203 2472 342 2555 quando·
363 2471 524 2536 robustius
554 2470 716 2555 jocantur,
758 2475 792 2538 in
822 2475 1047 2539 venationibus
1072 2475 1225 2558 subigere

202 2571 346 2647 Turres,
365 2572 473 2636 Asiam
492 2572 649 2654 diripere,
674 2574 796 2653 Syriam
814 2596 851 2638 ae
871 2576 1011 2640 Judaeum
1029 2576 1063 2639 in
1083 2585 1222 2658 potesta·

200 2681 265 2737 tem
293 2672 451 2755 redigere.
498 2674 566 2736 Nee
596 2694 717 2739 moram
747 2675 792 2738 ibi
817 2678 928 2751 ullam,
972 2686 1026 2739 aut
1052 2677 1222 2759 regionum

200 2773 482 2858 longinquitatem,
500 2774 551 2836 vel
570 2772 750 2839 diuturnam
766 2775 1015 2860 navigationem,
1038 2796 1074 2838 ac
1088 2773 1223 2838 maxima

198 2858 330 2950 itinera,
365 2884 418 2936 aut
438 2872 571 2954 plurima
591 2885 674 2938 terra
697 2875 839 2959 marique
862 2875 1060 2951 discrimina,
1098 2887 1131 2937 et
1149 2897 1220 2959 quae

203 2973 351 3036 obeunda
370 2985 442 3036 sunt
470 2974 629 3055 pericula,
660 2975 695 3039 in
715 2976 868 3040 rationem
882 2966 1022 3039 'vocare
1073 2975 1137 3042 Sed
1153 2994 1223 3058 quo

199 3092 257 3137 eos
284 3073 460 3139 levissimus
485 3074 623 3161 «piisque
648 3075 761 3142 mentis
786 3078 877 3139 flatus
904 3075 1020 3160 adigit,
1051 3096 1092 3139 eo
1118 3075 1224 3138 onmia

199 3173 361 3259 colligere.
414 3175 493 3240 Inde
523 3178 628 3241 omnia
652 3175 686 3239 in
704 3197 793 3258 spem
816 3196 950 3257 ponere.
1003 3176 1127 3239 Verum
1146 3175 1224 3239 nibil

198 3277 239 3340 ad
259 3296 337 3340 rem.
381 3276 648 3360 Quandoquidem
674 3298 740 3340 non
764 3299 781 3339 a
801 3275 1004 3339 stertentibus
1022 3276 1107 3339 vinei
1127 3297 1225 3357 posse

199 3377 357 3451 credibat,
386 3375 441 3459 qui
459 3375 623 3458 vigilantes
652 3398 783 3460 qnoque
799 3379 967 3459 oppressit.
1006 3377 1074 3439 Nee
1091 3377 1164 3440 fore
1186 3387 1227 3439 ut

200 3474 281 3538 ebrii
293 3484 463 3556 superent,
483 3494 585 3558 aquo
604 3476 702 3539 sobrii
721 3476 797 3539 vieti
816 3488 900 3541 sunt.
938 3479 1005 3543 Aut
1026 3477 1225 3540 avenatori·

200 3574 260 3638 bus
282 3583 318 3635 ut
340 3574 552 3652 debellentur,
586 3576 642 3659 qui
667 3577 833 3642 bellatores
860 3578 1026 3641 contrivit,⁴
1069 3575 1224 3659 Denique

201 3673 272 3759 quis
299 3695 427 3755 sperare
451 3676 546 3738 audet
570 3696 644 3753 eos,
675 3677 731 3762 qui
750 3678 812 3742 levi
837 3679 972 3762 quadam
992 3679 1103 3742 mentis
1124 3677 1225 3758 agita·

199 3773 302 3852 tione,
338 3775 377 3839 ab
397 3776 510 3841 infimis
529 3766 569 3841 ad
586 3798 705 3842 summa
730 3781 938 3856 transvolant,
969 3790 1065 3862 atquo
1092 3788 1223 3840 eterra

199 3876 302 3939 statim
324 3878 436 3941 eoelurn
460 3879 666 3961 contingunt,
695 3890 884 3963 rursumque
905 3879 959 3941 ubi
983 3882 1112 3952 volunt,
1142 3875 1222 3937 inde

199 3978 261 4042 buo
279 3977 473 4061 demigrant,
493 3978 528 4041 id
546 3986 610 4054 est,
636 3979 711 4042 nibil
734 3979 888 4062 provide,
921 3978 997 4040 nihil
1018 4001 1060 4042 ex
1077 3975 1221 4052 ratione,

199 4077 256 4141 sed
268 4079 373 4142 omnia
389 4079 513 4159 stupide
524 4089 757 4160 proponentes,
775 4078 852 4141 illud
864 4077 1023 4162 facturos,
1044 4077 1133 4162 quod
1146 4096 1222 4140 aeu-

198 4174 323 4240 tissime
342 4178 477 4263 ingeniis
495 4176 657 4252 nationes,
676 4176 810 4240 maxima
827 4177 961 4257 praeditae
977 4178 1127 4258 sapientia
1142 4197 1222 4260 gen·

195 4286 261 4352 tes,
281 4299 402 4343 summa
427 4278 581 4344 industria
603 4282 701 4364 atque
727 4276 852 4363 optimis
874 4278 1012 4342 consiliis
1035 4298 1102 4347 uon
1127 4288 1223 4359 potu·

233 4479 264 4549 ⁸)
285 4497 329 4537 et:
356 4500 392 4539 ao.
