2624 5108
210 886 255 949 50
484 872 541 944 Ad
563 871 705 985 Ludos.
729 869 931 944 Huttenum

210 1088 304 1148 opum
320 1066 544 1153 direptionem,
570 1080 716 1147 aspersus
737 1061 830 1127 etiam
843 1061 1002 1126 interlecti
1020 1070 1091 1124 astte
1111 1080 1145 1122 se
1160 1062 1216 1125 filii

206 1168 369 1250 sauguine.
407 1165 492 1246 Quid
510 1163 573 1227 diei
589 1172 696 1245 potest
711 1161 939 1225 calamitosius?
964 1163 1007 1224 Et
1018 1173 1121 1223 tamen
1140 1160 1216 1225 nibil

206 1269 310 1330 auimo
335 1267 467 1348 legitur,
512 1265 570 1329 sed
588 1274 624 1326 ut
646 1264 713 1325 lucc
735 1263 904 1345 spectavit,
938 1260 982 1323 ita
1007 1261 1215 1343 imperterrite

205 1380 341 1431 mortem
366 1367 452 1430 adiit.
479 1366 509 1443 Ψ)
563 1364 608 1427 At
628 1374 812 1448 Antigonus
832 1385 891 1427 rex
920 1374 1091 1429 Alcinoum
1118 1366 1216 1428 lilium

204 1490 271 1531 nou
288 1470 390 1531 solum
406 1489 472 1528 non
487 1464 591 1540 flevit,
610 1465 668 1527 sed
682 1463 800 1529 diutius
818 1464 912 1527 etiam
932 1485 1026 1548 quam
1044 1477 1213 1548 sperasset,

204 1569 322 1631 vixisse
343 1571 467 1630 locutus
485 1578 545 1630 est.
581 1565 720 1623 Pericles
737 1565 863 1628 duobus
885 1565 957 1629 liliis
975 1567 1121 1643 orbatus,
1143 1587 1214 1629 cau-

199 1669 301 1743 ‚stillari
319 1667 454 1731 officium
476 1689 543 1729 uon
558 1665 740 1741 intermisit,
768 1676 801 1728 et
817 1678 971 1729 coronato
986 1666 1088 1748 capite
1105 1688 1215 1749 prose·

202 1780 294 1832 entus
314 1779 361 1831 est
385 1767 583 1837 cono‘mnem.
629 1775 809 1855 Xenophon
832 1788 904 1829 cum
931 1767 1029 1829 filium
1051 1767 1214 1848 inpugna

195 1868 390 1950 ¹ooculurisse
409 1868 587 1931 sacrificans
604 1867 770 1942 audiisset,
790 1888 894 1938 sacra,
914 1877 949 1929 ut
967 1876 1120 1947 corporat,
1140 1886 1212 1945 per·

199 1969 286 2032 fecit.
312 1968 449 2051 Cunque
465 1967 590 2031 sortiter
597 1967 750 2033 cecidisse
759 1967 935 2031 nuntiatum
944 1975 1041 2039 esset,
1062 1986 1213 2028 eoronam

201 2090 332 2153 quoque
365 2080 400 2130 ut
432 2067 493 2130 sibi
525 2068 706 2131 detraxerat
728 2066 879 2148 reposuit.
927 2078 1076 2133 AEmitr'us
1091 2078 1213 2133 Paulus

198 2168 327 2249 publico
360 2166 499 2250 gaudio,
544 2167 661 2229 audita-
678 2166 816 2231 liliorum
848 2161 944 2248 ileos,
980 2167 1120 2232 felicitati
1147 2192 1211 2231 suas

198 2271 432 2350 congratulatus
461 2278 529 2343 est,
578 2288 614 2330 ac
649 2267 718 2331 Diis
741 2267 855 2349 gratias
879 2269 955 2351 egit.
1010 2269 1096 2351 Quid
1125 2269 1212 2333 illum

197 2370 366 2451 graeculum
381 2381 623 2450 Anaxagoram
640 2368 906 2431 commemorem?
924 2369 989 2450 Qui
1008 2369 1111 2432 audita
1128 2369 1212 2433 inter

196 2470 417 2532 disserendum
433 2464 488 2529 filii
509 2477 629 2542 morte,
649 2489 760 2548 parum
776 2467 930 2543 substitit,
950 2491 1025 2531 mox
1041 2469 1074 2530 iu
1093 2492 1211 2532 memo-

196 2570 292 2631 rabile
322 2569 400 2631 illud
427 2565 590 2650 prorupit:
629 2566 765 2629 sciebam
792 2590 842 2629 me
866 2569 1014 2650 genuisse
1037 2572 1210 2631 mortalem.

196 2670 280 2736 ttihit
299 2692 317 2731 a
336 2666 450 2751 mentis
470 2666 644 2729 constantia
668 2665 800 2727 dimovit
818 2677 1013 2745 Praexaspeu
1032 2675 1210 2747 Cambyses,

198 2769 253 2851 qui
272 2789 344 2830 cum
360 2767 460 2828 filium
477 2765 560 2826 illius
576 2765 688 2846 sagitta
707 2766 911 2840 trarrlixisset,
940 2767 1071 2829 scrutari
1090 2779 1210 2832 astatus

195 2881 284 2949 patre
302 2865 409 2946 jussit,
428 2883 504 2924 num
523 2882 597 2937 cor,
617 2864 706 2945 quod
724 2863 870 2945 petierat,
897 2868 1093 2928 vidneratum
1110 2880 1209 2940 esset,

196 2964 271 3028 nihil
282 2964 370 3029 aliter
384 2962 553 3025 Persarum
567 2983 626 3025 rex
645 2975 854 3046 Harpaqum,
872 2966 925 3027 oui
942 2965 1022 3029 filios
1036 2969 1209 3048 epulandos

196 3062 361 3144 apposuit,
379 3075 410 3125 et
420 3074 632 3125 comestorum
644 3062 744 3145 capita
756 3063 879 3126 ostendi
888 3066 1045 3148 pracepit.
1072 3067 1210 3133 Pudebit

196 3162 364 3246 aliquando
390 3163 470 3244 legi,
504 3163 623 3246 uquius
646 3175 683 3247 Q.
703 3169 867 3227 Martium
892 3165 978 3227 uuici
996 3166 1052 3228 titii
1076 3179 1209 3229 mortem

195 3263 321 3340 tulisse,
343 3286 437 3348 quam
451 3275 482 3326 te
499 3284 541 3322 ex
555 3273 691 3344 quatuor
707 3262 810 3325 unius.
847 3267 888 3326 Et
902 3264 953 3328 illo
965 3266 1093 3348 quidem
1106 3267 1209 3328 statim

196 3387 215 3428 a
245 3364 359 3427 funere
393 3365 433 3425 ad
460 3360 652 3425 senatorium
675 3382 788 3425 munus
817 3363 930 3438 rediit,
975 3376 1010 3426 tu
1036 3366 1117 3425 tluos
1145 3364 1210 3444 jam

196 3483 318 3527 metues
345 3461 467 3524 tristitia
496 3460 695 3523 conflicturis.
743 3460 802 3524 Vis
828 3473 860 3524 et
878 3463 1075 3531 foeminarum
1096 3462 1128 3523 in
1146 3458 1210 3524 hoc

196 3584 314 3645 gessere
331 3559 549 3623 fortitudinem
566 3559 700 3622 audire?
718 3559 896 3629 Duodecim
912 3564 1085 3646 liberorum
1102 3560 1209 3625 obitus

196 3674 323 3726 strenue
361 3660 430 3732 tulit
466 3669 611 3724 Cornelia
643 3662 801 3737 Romana,
845 3671 972 3728 Rutilia
1004 3664 1099 3726 Corte
1132 3663 1207 3739 lilii,

197 3771 293 3827 Liuia
312 3771 432 3837 Drusi,
461 3770 493 3821 et
516 3769 552 3821 ut
577 3782 618 3821 ex
648 3760 743 3824 sacris
766 3762 893 3824 afferam
915 3763 963 3837 aa)
990 3762 1125 3845 aliquid,
1157 3764 1209 3825 illa

197 3868 392 3926 Machaona
412 3860 543 3937 mulier,
581 3873 697 3944 quanta
722 3846 778 3922 tilii
805 3860 956 3923 videtur?
998 3883 1061 3944 qua
1088 3863 1207 3926 maurita

196 3962 406 4024 fortitudine?
439 3984 507 4045 qum
538 3974 658 4043 septem
685 3961 806 4042 integra
832 3971 920 4024 etate
946 3961 1027 4024 filios
1052 3963 1207 4044 supplicio

198 4061 275 4124 allici
295 4065 417 4139 solida,
446 4082 512 4124 non
529 4059 679 4142 spectavit
694 4061 806 4138 modo,
835 4063 941 4124 sedet
958 4064 1080 4127 hortata
1098 4075 1145 4125 ost
1166 4064 1207 4127 ad

200 4207 393 4221 m

232 4306 259 4371 ⁴⁸)
277 4314 341 4359 naeu
369 4313 528 4360 calauritostus
558 4313 670 4372 tolgeude
699 4317 771 4365 Stella
799 4317 934 4376 tergentis:
975 4318 1007 4362 Er
1033 4326 1115 4365 tumen
1143 4318 1207 4366 astu

232 4402 315 4444 untmo
335 4402 446 4457 lenitur,
478 4402 520 4446 sed
545 4407 573 4443 ut
591 4402 645 4446 turc
673 4408 810 4463 spectaris,
844 4409 881 4450 tra
906 4407 1073 4457 turnsrterrlte
1101 4414 1205 4452 mortem
1271 4446 1272 4450 ,

232 4487 301 4532 udttt.
338 4474 382 4535 ’ὓ
400 4486 507 4535 offerunt
520 4515 527 4539 ,
547 4497 639 4541 portam.
1157 4483 1162 4490 ’
