2624 5108
183 843 248 917 126
417 840 461 917 ln
488 842 672 921 Ulrichum
697 848 946 951 Wirtenberg.

177 1046 303 1115 natura,
328 1046 492 1119 postremo
512 1038 652 1103 omniurn
669 1040 831 1104 hominurn
848 1039 987 1122 judicio,
1015 1062 1081 1105 non
1098 1044 1189 1111 dissi·

176 1140 328 1201 rnnlanter
357 1138 463 1213 edito,
494 1139 552 1201 sed
576 1139 777 1203 consensione
802 1141 915 1220 passim
939 1141 1189 1209 manifestissima

175 1241 377 1322 pervulgato,
407 1237 534 1301 sancius
547 1246 593 1299 'et
614 1240 645 1316 ε’)
671 1240 856 1317 conlectus,
890 1243 974 1303 nulla
998 1242 1106 1309 salutis
1130 1266 1188 1326 spe

172 1342 338 1422 preditus,
381 1338 438 1403 sed
465 1338 572 1403 ultima
601 1338 823 1420 desperatione
854 1340 1012 1420 perditus,
1047 1341 1189 1408 omniurn

172 1453 376 1524 conspectum
393 1437 493 1520 fugit,
516 1459 558 1502 ea
576 1439 718 1503 omnium
735 1439 835 1502 oculis
853 1460 888 1503 se
906 1440 1080 1522 proripuit,
1099 1464 1190 1507 snam

171 1541 320 1615 domurn,
349 1558 437 1602 snam
457 1560 524 1601 rem
541 1539 745 1614 fannium,
769 1559 922 1623 suamque
940 1540 1031 1605 innan
1050 1544 1189 1627 tyranni-

171 1640 244 1702 denr
272 1639 473 1722 relinquens,
511 1660 629 1723 vagus,
660 1645 702 1703 ac'
726 1639 847 1702 incerto
884 1638 998 1705 itinere
1030 1640 1187 1729 prstrt.

170 1739 264 1801 Nnnc
282 1738 467 1813 confestim,
490 1759 527 1801 ac
549 1738 655 1803 subito
661 1784 671 1815 ‚
698 1740 790 1823 qnasi
809 1739 926 1803 inlecta
942 1740 1025 1805 lacta
1042 1740 1141 1819 sint-5⁵
1152 1752 1186 1807 ct

169 1839 334 1921 pecuniam
353 1840 464 1915 habet,
485 1852 518 1903 ct
536 1840 614 1903 viris
633 1840 782 1921 irripernt,
808 1850 841 1901 et
859 1848 1047 1903 contrarios
1064 1839 1184 1903 auxilia

168 1939 309 2014 inatnait,
358 1950 391 2002 et
424 1939 530 2020 patria
568 1942 769 2004 eversionem
804 1940 942 2005 molitam
997 1940 1028 2005 0
1057 1950 1184 2005 veteres

169 2038 344 2101 Gennarrisc
373 2044 493 2102 mores!
542 2040 660 2103 avitrnn
698 2042 813 2109 decus!
857 2038 990 2121 patriam
1016 2040 1182 2105 virtutensi

167 2140 271 2222 Quem
304 2160 398 2202 nemo
434 2141 544 2221 ssanloq¹
566 2151 638 2205 ante
669 2161 862 2223 congressu,
904 2160 1000 2204 nemo
1038 2139 1181 2203 familiari

168 2240 311 2304 oratione
338 2239 547 2323 signabatur,
579 2239 615 2303 in
641 2260 738 2323 quern
763 2262 874 2305 omnes
899 2239 1098 2323 expuebant,
1128 2242 1182 2305 cni

166 2342 311 2407 omnibns
342 2340 420 2416 viis,
468 2340 613 2404 omnibns
652 2342 780 2423 plateis,
822 2341 857 2403 in
896 2340 984 2405 ornni
1018 2338 1182 2404 hominum

164 2452 326 2505 conventu
367 2440 628 2517 maledicebatur,
675 2463 772 2525 qnem
813 2441 863 2505 sni
901 2441 1179 2525 derelinquebant,

163 2542 258 2605 alieni
285 2541 479 2625 impetebant
509 2542 715 2617 contumelia,
753 2541 779 2605 is
807 2563 892 2605 nunc
917 2542 994 2605 viris
1026 2562 1063 2603 ac
1087 2541 1181 2605 armis

163 2642 408 2723 circumseptus,
452 2655 583 2723 recepto
610 2663 652 2703 ex
679 2642 842 2704 intervallo
869 2641 973 2703 animo
999 2639 1179 2715 insolescit,

163 2743 318 2827 (pinique
342 2744 484 2806 excussis
511 2741 642 2805 vinculis
670 2742 826 2824 profugus
851 2743 932 2802 latro
956 2741 1105 2815 enultat,¹
1124 2741 1180 2803 ad·

162 2862 289 2906 versum
305 2862 365 2903 nos
380 2842 464 2903 bello
480 2842 623 2924 exurgit,
644 2841 765 2905 cladem
776 2840 927 2917 nrinntur,
948 2840 1011 2903 hoc
1025 2834 1179 2921 judicium

161 2938 342 3005 contemnit.
389 2938 475 3022 Quid
494 2939 609 3004 lordins
628 2941 692 3004 dici
715 2941 843 3023 potest?
877 2940 964 3022 Quid
982 2942 1040 3003 hae
1057 2942 1177 3022 patria,

161 3040 376 3122 lrocinrperio
396 3041 499 3105 minus
518 3041 671 3124 dignum?
699 3040 1067 3125 Recordanrini·queso,
1089 3042 1177 3125 quod

160 3162 263 3223 isuper
281 3141 461 3219 senseritis,
488 3161 571 3225 pene
591 3141 683 3204 etiam
702 3140 924 3217 decreveritis,
944 3162 1011 3223 quo
1031 3141 1175 3219 lremitn,

160 3264 225 3327 qna
243 3244 368 3323 publici
388 3241 593 3305 execratione
610 3240 847 3316 damnaveritis,
867 3252 899 3305 et
917 3253 1029 3303 contra
1047 3263 1118 3324 quae
1136 3243 1180 3305 sit

159 3341 253 3424 liujus
279 3344 383 3405 lorma
412 3341 540 3423 judicii,
575 3339 759 3421 perspicite!
800 3343 867 3405 Ant
885 3362 952 3403 non
972 3341 1016 3403 ita
1033 3338 1177 3419 judicare

158 3462 217 3504 vos
246 3442 371 3517 decuit,
414 3453 468 3505 nrt
501 3460 574 3503 cnm
605 3439 750 3517 judicatis
782 3440 968 3503 sententiam
1000 3440 1176 3503 convenire

158 3560 287 3603 necesse
307 3540 396 3603 crat?
425 3543 527 3622 (liram
547 3540 680 3603 aliennm
699 3550 748 3602 est
767 3538 851 3603 enirn
870 3560 888 3601 a
906 3536 1017 3613 vobis,
1037 3536 1071 3599 id
1089 3550 1138 3600 est
1157 3561 1176 3602 a

160 3640 315 3704 Gentiana
329 3641 378 3717 aa)
406 3639 459 3707 illa
477 3640 682 3714 fortitudine,
709 3660 805 3722 quam
823 3642 912 3715 leve,
937 3651 970 3701 et
987 3648 1174 3716 externum,

159 3740 248 3824 qnod
266 3738 442 3815 senseritis,
461 3761 528 3803 non
548 3742 680 3815 ellerre,
702 3736 833 3818 alicujus
853 3740 1025 3819 potentiam
1036 3738 1173 3802 ‹licerrdo

157 3838 207 3920 jns
226 3840 348 3902 vereri!
370 3838 502 3921 alicujus
522 3842 588 3917 ἱιήΐ’Ἰ
605 3852 759 3903 terrores
775 3837 900 3901 virtutis
913 3840 1019 3901 studio
1037 3837 1172 3912 abduci,

156 3942 197 4003 de
217 3962 283 4024 qim
303 3962 412 4004 omines
432 3940 612 4003 necessario
630 3939 676 4003 sic
696 3936 887 4019 judicatum,
915 3951 1055 4015 uteret,
1082 3948 1173 4020 puta·

156 4054 303 4116 seruiit„
322 4062 397 4103 eum
424 4041 469 4102 sic
506 4037 636 4113 dimitti,
675 4038 722 4101 sic
757 4037 973 4119 impnrntatcm
1007 4039 1173 4121 corneqni.

156 4141 264 4205 Nostri
285 4140 436 4219 majores,
470 4134 552 4218 (jam
577 4137 661 4200 enirn
679 4139 770 4201 altius
788 4140 853 4201 lraec
871 4141 1003 4220 repeto)
1022 4158 1096 4200 curn
1115 4144 1174 4205 sni

154 4240 319 4323 indignum
348 4238 490 4301 libertate
517 4235 723 4319 judicassent,
760 4239 978 4303 Romanorum
1004 4238 1111 4321 virgas
1136 4257 1173 4301 ac

189 4470 219 4535 ⁴)
235 4487 276 4538 et,
293 4490 328 4527 ac·
365 4466 409 4536 ⁴⁴)
428 4479 568 4538 Germana,
587 4475 732 4534 Garnardca,
768 4467 828 4542 w)
847 4477 971 4541 alerias,
991 4475 1109 4533 Allcntns
