2624 5108
607 758 709 832 Exul.
1089 758 1156 833 tlt

151 961 246 1013 noctu
276 950 420 1032 migrant.
470 953 513 1015 Et
538 951 629 1036 qaod
653 960 740 1013 corto
767 950 883 1012 certius
911 960 1047 1028 coastat,
1085 949 1163 1013 novi

149 1051 340 1115 millesimam
358 1064 478 1132 partem
493 1072 552 1112 nec
569 1051 601 1114 in
614 1048 742 1115 aedificia
754 1050 852 1114 luisse
867 1052 1052 1134 expositam.
1083 1052 1163 1115 Nam

150 1152 223 1214 title
244 1152 320 1235 quid
344 1151 559 1215 observantini
579 1150 622 1218 illi
646 1152 785 1217 minores
810 1151 1019 1227 contulerint,
1052 1151 1119 1214 sive
1143 1173 1162 1215 e

149 1252 215 1315 suis
243 1252 406 1335 marsupiis
433 1255 487 1330 (ut
508 1253 673 1315 uniuersus
699 1251 799 1317 eredit
820 1251 925 1337 orbis)
956 1251 1024 1315 sive
1049 1274 1090 1314 ex
1116 1251 1163 1313 in·

150 1352 380 1434 tlulgcntiarum
402 1363 522 1433 ‹pttaestu
541 1355 594 1430 (ut
611 1352 670 1435 ipsi
692 1351 853 1425 asserunt)
875 1352 1055 1434 octuaginta
1072 1351 1165 1414 millia

148 1473 319 1517 attacorum
342 1451 482 1532 pontifici
499 1451 601 1535 largiti
625 1464 706 1518 sunt.
756 1453 835 1535 Quis
854 1474 920 1517 non
938 1451 1164 1534 obstupescat?

151 1551 232 1634 Quis
258 1564 347 1615 recto
371 1564 500 1634 pectore
531 1554 593 1616 hoc
623 1552 750 1636 gestet?
787 1551 956 1617 Discedam
992 1553 1105 1633 igitur,
1143 1572 1164 1614 o

148 1652 264 1726 amice,
294 1672 335 1715 ne
355 1655 408 1716 has
425 1652 553 1717 fraudes
575 1654 608 1715 hi
633 1653 716 1715 oculi
737 1652 885 1733 deinceps
903 1653 1039 1715 videant.
1085 1654 1165 1715 Nam

146 1772 261 1832 crepo,
284 1771 357 1819 cunt
374 1753 469 1815 video
485 1754 672 1817 sacellanum
696 1752 783 1818 illntn
807 1752 841 1817 iu
866 1751 941 1816 Divi
965 1751 1055 1815 Petri
1078 1754 1162 1828 aede,

149 1852 206 1935 qui
226 1864 287 1915 tam
310 1852 364 1915 rili
389 1853 492 1934 pretio
518 1852 634 1916 animas
662 1853 788 1927 vendit,
821 1860 915 1933 attpte
936 1850 1025 1925 emit,
1060 1851 1165 1914 omnia

149 1951 319 2025 merrtiens,
353 1974 422 2034 quo
444 1955 495 2016 vel
520 1952 596 2017 dicit
616 1953 667 2020 vel
691 1952 854 2037 promittit.
897 1952 961 2017 Sed
984 1963 1031 2017 est
1050 1963 1163 2017 stoma·

150 2052 240 2119 chata
259 2051 374 2118 animo.

587 2186 728 2259 Cyrus

224 2292 257 2356 Si
274 2295 370 2357 altera
385 2292 492 2355 subest
511 2314 620 2370 causa,
646 2294 774 2359 edicito.

526 2426 783 2500 Posqua'llus.

223 2536 301 2599 Satis
331 2554 490 2618 superque
519 2533 582 2613 jam
615 2532 763 2596 (linimus.
823 2532 865 2595 At
892 2520 1014 2594 tertiam
1043 2527 1162 2611 accipe.

146 2606 333 2700 stranciscns
359 2634 507 2709 Urbinas,
539 2633 724 2698 Urbinatum
755 2632 839 2707 (lux,
884 2630 960 2694 dnm
991 2652 1009 2692 a
1045 2642 1162 2713 nepotc

147 2733 310 2803 Pontificis
337 2734 457 2799 Leonis
484 2733 597 2797 decimi
629 2733 848 2814 impeteretur,
879 2733 1010 2815 suisque
1037 2741 1120 2793 osset
1142 2749 1162 2789 e

146 2836 274 2901 sedibus
304 2837 523 2917 depellendus,
571 2832 692 2897 obstitit
723 2835 831 2917 ‹ptoad
862 2832 984 2914 potuit,
1030 2836 1160 2908 (natura

147 2934 230 2994 enim
252 2934 294 2995 ita
315 2937 526 3011 estimatum,
552 2946 588 3005 ut
611 2934 863 3016 unumquodque
889 2944 997 2995 contra
1029 2933 1161 2993 allorum

147 3050 181 3090 so
199 3042 321 3095 tueatur
339 3056 373 3095 aa
395 3035 560 3110 defendat)
579 3056 618 3097 co
637 3033 791 3107 maximo,
818 3031 1065 3119 quodomnium
1085 3051 1161 3094 sanc

146 3129 348 3195 sentientium
374 3134 427 3206 (ut
451 3130 577 3211 dicunt)
610 3131 748 3214 jndicio,
787 3131 933 3195 naturalis
962 3133 1061 3195 heros
1092 3130 1160 3212 ipsc

146 3242 244 3307 esset,
279 3229 417 3313 nihilque
442 3231 481 3292 ad
511 3230 729 3298 Florentinum
766 3234 850 3299 illum
882 3229 1089 3297 Laurentium
1120 3230 1160 3293 de

145 3332 322 3417 principatu
343 3330 496 3395 attineret.
545 3332 609 3399 Ubi
629 3334 725 3417 igitur
752 3335 823 3397 Leo
846 3352 918 3395 cnm
939 3330 1005 3395 suis
1028 3332 1163 3394 Floren-

145 3431 218 3493 tinis
236 3433 331 3515 longo
355 3454 391 3495 ac
410 3430 476 3512 ipse
496 3446 692 3514 speraverat,
724 3434 839 3498 bcllnm
856 3430 986 3495 vidisset
1002 3432 1160 3515 protrahi,

146 3529 365 3617 impensasque
388 3530 420 3592 in
437 3529 505 3594 alies
523 3532 649 3617 augeri,
677 3533 739 3613 jam
760 3555 842 3617 pene
861 3532 1055 3608 exinanitus,
1080 3535 1160 3595 lianc

146 3644 261 3708 artem,
301 3654 370 3714 qun
391 3651 534 3695 nummos
558 3644 760 3716 aggregaret,
803 3632 927 3693 tandem
956 3632 1159 3715 excogitavit.

145 3731 260 3816 Longa
281 3732 366 3798 enim
384 3752 420 3797 ac
440 3743 593 3813 perpetua
618 3730 845 3795 consultatione
864 3730 987 3805 habita,
1013 3743 1160 3813 tanquam

145 3833 177 3913 iu
206 3835 266 3896 hoe
302 3832 397 3897 unico
434 3832 562 3917 relngio
601 3830 734 3899 eeclesia
764 3832 907 3894 Romana
944 3828 1158 3892 conservanda

145 3933 320 4013 videretur,
342 3933 368 3996 si
378 3932 493 3999 xxx!
501 3934 682 3999 cardinales
695 3953 760 3999 uno
772 3927 1008 4012 eodemquedie
1018 3942 1162 3991 crearen-

144 4047 205 4100 tur.
245 4034 314 4105 Jatu
338 4035 420 4101 cuim
439 4034 556 4099 creatio
574 4056 640 4099 nou
662 4033 724 4098 Dei
741 4031 839 4097 solius
861 4030 914 4109 (nt
934 4026 1029 4104 olim)
1053 4030 1110 4093 sed
1128 4040 1161 4093 et

144 4132 308 4203 Pontillcis
330 4145 377 4199 ost
402 4157 493 4218 opus.
533 4132 689 4199 Creontur
705 4132 788 4201 enlm
805 4128 992 4206 cardinales,
1023 4142 1160 4215 sumque

143 4224 274 4301 humiles
298 4234 456 4319 pontilicis
482 4234 579 4317 ipsius
606 4232 766 4301 creaturae.
814 4232 946 4295 Tatttatn
970 4229 1053 4293 illinc
1076 4250 1159 4294 asse·

144 4347 262 4419 quarm
284 4335 488 4421 pecuniarum
507 4334 692 4418 ingluviem,
719 4344 757 4401 ut
773 4332 828 4399 vix
847 4333 954 4397 dicere
973 4330 1083 4400 ausim.
