2822 4724
271 441 315 518 tn
506 439 548 516 In
571 437 753 513 Ulrielrum
777 431 1023 543 Wirtenberg.

269 629 470 698 inexorabilia
488 632 642 696 homicida
660 632 745 696 omni
762 651 839 694 earo
858 633 987 708 durior,
1008 635 1093 698 omni
1110 636 1269 699 adamante

268 732 552 816 impenetrabilior,
578 733 618 794 ad
640 734 738 795 nullae
762 753 871 814 praees
895 735 1014 798 nullum
1037 735 1172 816 pretium
1193 756 1269 798 eon-

269 835 479 909 deeeendena,
511 853 583 896 eum
601 845 740 913 patrem,
770 851 835 916 quo
854 833 886 895 in
906 833 990 898 omni
1009 833 1072 896 vita
1090 835 1208 913 amieo,
1237 836 1270 898 in

270 934 395 998 summis
414 935 480 997 suin
499 933 642 1015 periculis
668 933 849 1009 liberatore,
880 951 915 994 ae
940 947 1165 999 aamervatore
1183 955 1269 1012 mur,

269 1034 322 1097 eui
338 1033 479 1096 maximia
498 1021 630 1112 receptis
648 1032 806 1097 benefieiis
826 1033 984 1098 obnoxiae
1003 1046 1102 1112 earet,
1121 1037 1161 1098 ad
1175 1035 1272 1100 lurrur

269 1153 306 1194 ac
318 1133 507 1213 sepulturam
519 1135 589 1212 e]ue
604 1129 679 1208 lilii,
694 1133 728 1194 in
743 1132 834 1213 eujus
848 1135 916 1214 ipse
931 1136 1118 1199 laceratione
1136 1137 1272 1199 animum

268 1233 356 1316 priua
378 1233 531 1307 satiasset,
551 1242 584 1296 et
605 1235 714 1296 oeulos
732 1233 883 1313 pavisset,
909 1255 975 1298 nnn
993 1237 1133 1300 admittit.
1170 1239 1212 1297 Et
1230 1237 1270 1298 ab

270 1334 377 1396 ultimo
407 1332 543 1398 exanimi
572 1333 714 1414 eorporis
745 1337 913 1415 complexu
938 1335 1066 1398 senilem
1094 1335 1269 1398 moestitiam

247 1475 249 1480 <
269 1445 362 1498 arcet.
400 1435 475 1497 Hero
493 1454 555 1518 ego
572 1433 646 1496 siin
663 1445 821 1496 conventu
832 1437 1006 1499 Ruaaorum
1025 1435 1167 1498 omnibus
1184 1435 1271 1498 fero·

270 1533 360 1596 ritate
387 1553 421 1596 ae
446 1531 724 1596 immansuetudine
751 1535 958 1612 anteuntiunt,
988 1536 1014 1598 ri
1040 1537 1124 1616 apud
1151 1537 1272 1600 'fureas

269 1633 426 1710 dicerem,
458 1644 561 1696 tamen
584 1634 749 1697 defuturos
774 1634 848 1697 milri
874 1637 931 1718 qni
953 1636 1137 1718 supplicium
1154 1637 1194 1698 de
1212 1639 1274 1698 hoe

270 1736 454 1802 tumendum
471 1735 654 1810 euaderent,
674 1755 740 1797 non
753 1747 914 1815 ¹putarem
940 1757 1023 1802 nune
1042 1747 1072 1800 et
1090 1737 1175 1816 apud
1192 1737 1274 1799 Ger·

269 1855 377 1902 manos
401 1834 492 1913 dieo,
523 1847 555 1897 et
573 1836 613 1898 ad
631 1837 714 1898 hune
732 1835 979 1900 Maximiliannm
999 1835 1171 1912 Caesarem,
1206 1856 1273 1920 qno

270 1948 302 2000 at
328 1937 507 2016 humanior,
547 1946 579 1999 et
605 1933 760 2017 ejusmodi
783 1935 873 2000 laetis
899 1937 1052 2000 informior
1081 1957 1173 2000 nemo
1201 1936 1273 2000 huie

270 2035 402 2118 imperio
414 2035 570 2117 praeeedit.
607 2037 733 2119 Deque
745 2036 946 2118 pertinaciter
957 2039 1138 2119 opinamur,
1157 2035 1275 2100 etiamsi

270 2157 335 2202 non
360 2157 607 2214 aoausmeemua,
639 2136 748 2219 utique
772 2136 931 2213 futurum,
972 2148 1009 2200 ut
1035 2139 1115 2200 ultro
1135 2137 1218 2198 hunc
1236 2135 1275 2197 ad

271 2239 456 2318 supplicium
486 2249 620 2319 raperet.
673 2238 807 2300 Tantmn
836 2237 938 2310 ebert,
979 2246 1014 2296 ut
1046 2245 1188 2297 nostrum
1223 2231 1275 2314 jue

237 2349 239 2354 ’
272 2338 455 2400 obtenturos
487 2359 546 2399 noe
579 2337 790 2414 desperemus.
840 2336 922 2399 Rem
948 2345 1067 2417 gestem
1099 2333 1271 2410 audivistis,

272 2437 437 2510 Germani,
457 2447 490 2497 et
507 2437 595 2518 quod
609 2455 674 2497 non
691 2435 751 2517 jam
765 2435 897 2498 hominis
911 2434 1049 2509 fonitrua,
1069 2435 1128 2498 aed
1147 2434 1277 2518 aliquod

271 2537 361 2618 plane
384 2545 564 2615 portentum
587 2535 690 2599 videri
717 2535 831 2618 possit,
859 2533 914 2598 ulti
940 2533 1045 2618 siquid
1061 2533 1136 2596 mihi
1155 2533 1275 2609 deluit,

273 2651 338 2718 qno
363 2633 464 2696 minua
489 2635 583 2719 digna
608 2635 703 2697 rebus
723 2646 804 2698 earet
823 2634 943 2710 oratio,
974 2631 1068 2715 hujus
1087 2646 1204 2696 naturae
1223 2631 1277 2696 tri·

271 2735 431 2800 buendum
451 2735 527 2812 erit,
552 2757 615 2820 qna
632 2757 703 2799 eum
721 2735 795 2798 nihil
815 2734 854 2798 sit
874 2733 1032 2809 acerbius,
1050 2733 1125 2798 nihil
1145 2732 1275 2796 insidio-

271 2837 350 2912 sius,
378 2837 453 2900 nihil
480 2836 701 2910 truculentius,
732 2834 828 2896 verba
858 2855 894 2897 ae
918 2835 1012 2916 digna
1038 2834 1180 2898 invenire
1209 2853 1278 2898 non

271 2948 384 3019 potest.
422 2939 498 2998 Hree
517 2948 563 2998 eet
583 2937 679 3019 igitur
697 2934 911 2998 inenarrabilia
934 2938 1005 3002 mali
1024 2936 1161 2998 historia.
1200 2937 1277 3000 nea

273 3037 303 3109 'l
317 3033 498 3096 atrocissimi
517 3034 664 3097 facinoris
682 3037 796 3108 series,
824 3034 875 3096 hie
888 3037 938 3116 “l
951 3033 1059 3117 optimi
1077 3055 1113 3096 ae
1125 3032 1277 3095 innoeen-

272 3133 381 3197 tissimi
404 3132 526 3214 juvenis
552 3135 669 3208 exitum
701 3138 765 3198 llaec
787 3133 855 3211 ***)
877 3139 977 3200 luetur
1008 3134 1108 3196 nestri
1133 3133 1279 3206 materia,

272 3233 322 3298 lrie
349 3237 547 3318 querelarum
571 3235 684 3301 lomes.
739 3237 811 3308 lloe
830 3247 896 3308 ert,
929 3253 987 3298 eur
1009 3233 1060 3297 hio
1091 3247 1207 3311 senex,
1245 3230 1279 3299 lii

272 3333 419 3416 juvenes,
449 3336 493 3396 lira
512 3335 674 3410 mulieres,
705 3337 739 3398 in
764 3333 909 3398 sordibus
934 3333 1055 3413 jacent,
1086 3335 1124 3396 in.
1137 3335 1278 3414 laerymla

272 3434 433 3519 irrequieti
464 3449 551 3512 aunt,
596 3439 629 3499 in
656 3440 743 3498 luctu
779 3445 982 3498 macerantur.
1039 3434 1138 3511 Agite
1169 3453 1277 3508 unna,

273 3537 428 3600 ostendite
454 3557 509 3602 eoa
534 3558 602 3600 esee
628 3556 705 3609 voa,
735 3534 790 3616 qui
817 3551 942 3616 temper
960 3535 1033 3596 ertit
1052 3533 1174 3599 erediti.
1220 3534 1281 3596 lm·

271 3655 412 3700 mensum
428 3649 476 3700 eet
493 3640 604 3698 scelus.
642 3635 766 3696 Summa
785 3635 859 3714 (nisi
872 3636 1058 3718 supplicium
1077 3635 1279 3710 interveniat)

270 3736 428 3811 infamiae,
448 3757 484 3798 ae
510 3734 662 3817 perniciei
688 3735 883 3818 periclitatio.
923 3735 1020 3803 Certe
1044 3735 1172 3800 foediori
1197 3745 1278 3798 nota

304 3966 334 4032 *)
352 3975 479 4020 Zwtsrlren
499 3973 553 4020 tter
569 3997 602 4008 -
619 3971 759 4020 atroelaelnrl
777 3983 815 4024 erl
831 3977 1047 4033 duralrgertrlehea.
1090 3965 1137 4036 ⁴⁸)
1154 3974 1276 4025 zulichet

305 4057 347 4104 hle*
361 4087 394 4102 ...
416 4057 497 4114 optlmt
515 4059 610 4106 eleum.
645 4049 708 4119 W)
726 4062 814 4109 etenro
832 4059 953 4112 zwisalten
973 4061 1022 4110 lma
1040 4081 1072 4094 -
1094 4059 1178 4110 luetur.
