2810 4722
268 433 313 504 90
504 420 547 498 In
571 420 756 496 Ulriclnnn
778 420 1029 524 Wirteuberg.

266 613 457 696 oportuerit,
485 635 597 680 uerum
614 614 708 678 etium
724 613 899 679 honoribus
916 625 1058 690 eucurm,
1078 624 1111 676 et
1126 621 1280 682 ornatum,

266 714 331 796 Qui
348 713 448 798 siquis
471 714 588 778 umbris
605 735 714 778 sensus
731 724 795 791 est,
823 712 869 778 sic
886 713 921 777 in
937 713 987 778 illa
1002 714 1177 779 eternitatis
1194 734 1281 776 man·

265 815 355 878 sione
369 815 528 898 loquitur,
548 818 610 879 hoo
630 815 807 896 auspicatus
828 814 971 896 poetico:
1003 815 1107 888 ,Men'
1126 835 1279 888 servasse,

264 926 299 978 ut
315 927 417 992 esset,
445 916 502 1000 qui
517 937 567 980 me
585 918 744 997 perderet.
781 915 869 996 Quid
887 915 972 978 enim
996 935 1066 982 mea
1084 915 1161 978 milri
1182 915 1281 996 pietas

263 1015 409 1097 profuit?
447 1017 516 1080 lmo
545 1015 623 1100 quid
652 1037 719 1080 non
746 1015 874 1082 obluit?
914 1015 967 1078 Tu
995 1036 1055 1097 pro
1080 1026 1143 1080 tam
1170 1016 1281 1080 seduc

264 1136 335 1178 meo
356 1135 432 1195 erga
449 1126 480 1178 tc
496 1114 651 1200 obsequio
671 1126 734 1181 tarn
748 1117 862 1180 durum
880 1113 1002 1178 exitum
1020 1115 1151 1182 reddis?
1188 1116 1283 1199 Piget

263 1214 356 1280 fateri
374 1237 533 1292 errorem,
554 1220 643 1301 quod
660 1229 691 1282 te
710 1216 826 1291 amavi,
848 1215 938 1299 quod
956 1216 1171 1300 obsequenter
1186 1215 1281 1290 colui,

264 1315 353 1398 quod
379 1317 538 1382 custodivi
564 1318 814 1402 vigilantissime,
847 1315 936 1406 quotl
970 1316 1118 1396 perieulis
1148 1337 1280 1400 quoque

263 1414 353 1478 aditis
372 1425 456 1482 tuam
474 1419 605 1484 salntem
621 1429 737 1498 tutatus
754 1437 834 1480 sum.
866 1419 944 1480 llam
956 1415 1068 1480 talibus
1083 1433 1145 1496 ego
1160 1413 1279 1478 merit'u

263 1535 385 1597 poenun
402 1515 525 1592 inveni,
546 1537 611 1580 non
627 1517 798 1599 premium.
836 1515 962 1598 Ingrata
979 1526 1052 1581 sunt
1070 1513 1153 1580 enim
1169 1512 1280 1584 virtuti

262 1613 326 1679 lata
343 1616 538 1690 mortalium
565 1618 712 1698 despecta
730 1629 794 1693 est,
820 1617 960 1707 desolpta
978 1625 1034 1680 est.
1072 1614 1195 1678 Invidia
1211 1635 1280 1678 cer·

262 1714 325 1780 tius
352 1714 427 1780 nihil
454 1715 557 1778 heltct.
604 1717 711 1802 Atque
735 1719 816 1784 hanc
839 1727 942 1786 tamen
968 1737 986 1782 a
1012 1714 1139 1780 literatis
1167 1735 1279 1798 magna

262 1815 371 1878 extolli
398 1817 491 1882 laude
523 1817 698 1892 audieram,
733 1829 764 1882 et
791 1819 932 1882 sectabar
959 1817 1117 1892 studiose,
1155 1815 1277 1880 irrlelix.

261 1917 334 1996 Age
351 1935 431 1978 uero
440 1963 449 1993 ,
471 1937 567 2001 quem
585 1936 627 1984 ex
644 1938 715 1982 meo
736 1917 864 1982 interitu
877 1917 995 2002 coepisti
1008 1916 1171 1981 fructum?
1196 1917 1280 1980 hunc

261 2027 347 2080 certe
362 2017 410 2094 it),
441 2027 477 2080 ut
496 2038 555 2099 per
574 2040 624 2084 me
646 2018 726 2083 liber
748 2016 806 2094 sis,
833 2039 894 2082 nec
918 2019 1051 2094 lubeas,
1081 2017 1133 2081 cui
1153 2037 1195 2082 ex
1217 2017 1279 2079 vir-

152 2165 157 2172 .
259 2127 327 2181 tute
344 2111 511 2184 invideas?
541 2119 675 2206 Aliquot
694 2139 812 2204 paucos
831 2140 931 2184 nenos
949 2119 1125 2185 concedere
1142 2117 1279 2182 debebas

260 2215 333 2279 huie
352 2216 441 2294 ritae,
472 2239 542 2303 que
561 2219 617 2284 vix
634 2221 710 2284 dum
725 2228 846 2304 gustatu
863 2228 939 2282 erat.
991 2215 1089 2280 Nimis
1108 2215 1190 2291 cito,
1215 2213 1279 2296 jam

261 2314 294 2378 in
314 2315 394 2380 flore
418 2318 530 2394 aetatis,
565 2320 759 2395 antediem,
793 2317 955 2390 immatura,
980 2335 1058 2380 nece
1083 2314 1278 2398 oppressisti.

261 2415 330 2478 Mei
341 2437 381 2479 ue
389 2428 420 2478 te
428 2415 660 2500 miseretigitur
672 2430 735 2482 tem
746 2417 893 2483 atrociter
901 2397 1020 2492 afflicti,
1034 2428 1087 2479 aut
1101 2413 1279 2482 conturbati

253 2511 340 2577 'illius
360 2517 471 2596 patris,
491 2517 620 2580 deserte
636 2517 808 2604 conjugis?
842 2517 905 2578 Vel
915 2517 964 2590 ee)
980 2519 1086 2584 locum
1103 2516 1279 2580 nonhabet

260 2614 344 2692 apud
370 2625 400 2675 te
423 2615 485 2679 ulla
508 2617 692 2680 miseratio?
721 2622 782 2682 ulla
808 2616 999 2699 poenitudo?
1038 2617 1152 2704 Siquid
1175 2628 1278 2682 tamen

175 2713 178 2722 '
260 2712 427 2779 acerbitate
457 2715 708 2798 interemptionis
732 2741 824 2794 mee,
862 2729 909 2782 tot
938 2719 1054 2784 iteratis
1081 2718 1277 2793 vulneribus,

259 2825 321 2877 tam
340 2817 534 2882 horrendum
552 2817 585 2879 in
609 2819 739 2882 modum
760 2830 881 2901 raptato
906 2819 960 2884 abs
984 2831 1015 2885 te
1036 2831 1182 2896 mortuo,
1212 2840 1278 2881 non

256 2913 320 2996 jam
338 2916 487 2980 restincta
505 2927 559 2979 tua
575 2915 641 2979 sitis
661 2930 725 2994 est,
754 2919 811 2982 sed
832 2919 944 2988 leviter
964 2921 1003 2986 ad
1029 2931 1150 3000 tempus
1171 2920 1275 2992 lenita,

258 3035 316 3096 per
332 3012 484 3096 quicquid
498 3036 632 3098 usquam
650 3038 757 3084 carum
769 3019 881 3097 hebes,
902 3037 959 3106 per
978 3041 1047 3086 ntea
1065 3020 1147 3082 inte
1165 3017 1274 3092 officia,

258 3132 315 3192 per
334 3111 429 3192 patris
452 3113 530 3176 inte
552 3115 614 3181 mci
633 3115 715 3182 benc
737 3119 865 3196 merita,
888 3142 962 3198 oro,
990 3119 1140 3184 miserum
1158 3138 1274 3198 corpus

258 3209 360 3292 patrio
382 3213 548 3293 sepulchro
562 3216 672 3282 dones.
710 3221 823 3288 Saltem
840 3219 873 3286 id
889 3221 944 3286 abs
965 3233 997 3283 tc
1014 3218 1175 3302 impetrari
1197 3217 1276 3282 siue.

259 3311 363 3374 Unum
378 3313 411 3376 id
426 3333 570 3378 meorum
585 3317 682 3382 luctui
701 3303 859 3396 concede,
887 3332 922 3382 ut
940 3321 984 3386 ibi
1003 3325 1201 3400 putrescam&
1221 3315 1276 3378 ubi

259 3411 297 3473 ab
316 3411 374 3475 illis
395 3413 552 3498 deplorari
579 3419 707 3508 possim.
745 3421 790 3498 At
809 3433 844 3484 tu
868 3423 955 3497 vale,
981 3419 1139 3486 carissima
1157 3415 1274 3497 patrie,

257 3511 310 3574 cui
336 3533 397 3598 ego
423 3517 574 3596 prodesse
602 3519 766 3598 volebam,
801 3541 975 3601 coeperam,
1008 3541 1073 3583 non
1103 3515 1274 3600 permissus

258 3633 335 3676 sum.
377 3616 492 3680 Testor
511 3619 575 3680 lnec
592 3618 775 3685 umbrarum
795 3623 879 3697 loca,
905 3622 964 3685 hos
983 3621 1120 3685 latorum
1136 3628 1273 3690 autores,

256 3711 360 3791 Deos,
379 3716 453 3784 nihil
474 3728 503 3779 tc
521 3717 623 3796 prius,
651 3718 792 3804 nihilque
811 3720 916 3806 potius
938 3721 972 3786 in
989 3720 1054 3783 vita
1073 3719 1173 3783 fnisse
1188 3714 1273 3786 milri.

256 3813 370 3899 Neque
398 3815 558 3881 molestius
590 3817 761 3905 quicquam
793 3821 880 3888 ferre
910 3841 1012 3898 nunc,
1060 3839 1156 3912 quam
1187 3815 1275 3910 quod

260 3959 450 3978 *¹*—

233 4062 241 4079 ¹
291 4052 320 4100 ⁶)
335 4059 417 4108 certe,
439 4067 473 4099 ue.
514 4045 557 4110 ⁸⁸¹)
578 4057 639 4112 Vel,
658 4059 697 4106 rel
