2624 5108
60 39 954 370 -
137 276 146 288 Ι

554 850 762 952 Capnionis.

140 1052 275 1110 Liventis
295 1049 420 1122 populi,
437 1058 545 1104 verum
564 1047 736 1102 communia
754 1048 854 1103 multis

140 1146 280 1202 Verbere
297 1143 456 1209 sustinuit,
477 1141 645 1212 clypeoque
664 1140 783 1212 excepit
801 1141 942 1199 acerbam

141 1239 263 1294 Invidiae
281 1239 414 1309 plagam,
434 1244 462 1291 ct
480 1250 536 1306 pro
554 1231 654 1289 multis
671 1234 757 1289 irruit
774 1251 850 1291 tinus

141 1332 240 1387 Millia
259 1339 304 1384 tot
325 1331 470 1396 fratrum,
489 1336 699 1398 raptoremque
719 1328 817 1382 omnis
835 1328 1003 1388 flammam,

142 1425 292 1496 Praecipiti
313 1423 440 1478 extinxit
457 1422 552 1490 saltu,
573 1438 698 1492 quoque
717 1421 805 1493 impia
822 1439 883 1478 non
901 1437 988 1493 sunt,

144 1516 300 1573 Scribendi
319 1517 446 1589 proprio
466 1516 614 1586 reparavit
629 1514 698 1584 jura
715 1515 843 1589 periclo.

143 1612 231 1668 Neve
250 1611 315 1665 unis
334 1611 424 1665 licent
439 1607 604 1666 Monachis
622 1607 747 1664 uniusve
767 1608 913 1680 sophistis

144 1704 257 1761 Libera
274 1703 367 1757 verba
385 1702 487 1775 loqui,
508 1702 585 1757 illius
602 1701 711 1757 virtute
729 1713 884 1773 peractum
904 1712 967 1771 est,

136 1798 229 1865 -Vos,
251 1796 360 1867 quibus
377 1795 485 1851 invidia
504 1803 566 1861 est,
590 1794 715 1849 Lethaeo
738 1794 890 1849 occludite
908 1812 1020 1853 somno

144 1892 287 1948 Liventes
307 1889 433 1955 oculos,
453 1887 540 1942 sinite
559 1887 727 1942 immortale
747 1887 927 1961 triumphet,

146 1983 207 2058 Qui
227 1983 319 2035 decus
338 1980 507 2035 immortale
525 1989 641 2049 meret,
659 1979 808 2051 vivitque,
826 1981 966 2052 volatque
976 2021 986 2050 ,

144 2076 278 2133 Dotilrus
297 2075 425 2142 ingenii,
446 2087 537 2144 quem
556 2089 613 2127 nos
633 2073 775 2128 conferre
795 2074 929 2145 superbo

144 2169 312 2227 Posscmus
329 2166 434 2233 Latio,
459 2165 506 2219 cui
527 2182 589 2218 non
607 2165 757 2220 mutabilis
780 2167 877 2222 aufert

146 2266 305 2317 Annorum
324 2260 436 2326 series,
455 2257 596 2329 quicquid
615 2273 668 2312 sua
687 2259 765 2314 facts
783 2258 940 2313 dederunt.

146 2356 203 2410 llic
221 2354 285 2420 vir,
303 2353 353 2407 hic
373 2361 418 2405 est
437 2351 536 2418 cives,
557 2350 606 2420 qui
626 2367 687 2405 non
707 2351 841 2421 torporis
861 2350 948 2405 inerti

147 2447 273 2516 Segnitie
291 2443 427 2500 secordis
446 2457 555 2511 agens,
574 2444 710 2512 quesivit
724 2443 880 2511 honores,

146 2539 259 2595 Verum
279 2537 340 2591 aeri
361 2537 459 2591 studio
479 2546 570 2606 atque
588 2553 698 2608 opera,
716 2536 872 2607 multoque
890 2534 1015 2605 labore,

149 2633 209 2706 Qui
228 2630 368 2700 gravibus
387 2629 478 2683 rebus
497 2629 637 2700 quesitus
656 2627 784 2683 Csssaris
803 2628 861 2697 'egit

147 2725 189 2780 Et
207 2724 298 2796 patris
319 2731 348 2776 et
364 2722 424 2777 nati
443 2737 564 2787 causas,
585 2720 634 2791 qui
655 2718 782 2790 plurima
800 2720 889 2789 iecit,

146 2816 282 2874 Plurima
301 2816 351 2886 qui
369 2814 490 2881 docuit,
507 2830 569 2867 non
587 2811 685 2866 ventri
706 2811 859 2868 obnoxius
876 2831 1029 2888 unquam,

147 2909 187 2965 Et
206 2923 358 2979 nunquam
377 2906 545 2975 indulgens,
565 2903 674 2976 quique
693 2916 725 2959 ut
743 2921 799 2960 nos
816 2924 889 2964 vers
906 2909 1050 2979 doceret,

149 3002 225 3074 Quas
244 3017 304 3059 non
323 3001 396 3054 durs
413 3001 502 3054 tulit?
525 2999 572 3053 cui
592 3014 652 3053 non
671 3012 704 3051 se
723 2997 835 3053 inferre
853 2998 969 3072 periclo

148 3094 205 3150 Est
224 3097 335 3148 ausus?
354 3094 404 3164 qui
423 3108 456 3146 se
474 3107 535 3144 non
554 3099 668 3146 temere
685 3089 800 3146 Ennius
819 3093 893 3148 olim

149 3187 318 3259 Adseripsit
335 3186 390 3241 tria
409 3183 502 3238 cords
521 3183 599 3251 sibi,
617 3199 674 3239 nos
692 3195 821 3258 quatuor
838 3184 886 3241 isti

151 3279 226 3334 Jure
244 3279 328 3334 bono
349 3276 501 3342 dabimus,
519 3274 680 3346 scribenti,
700 3287 825 3352 apteque
848 3279 1001 3353 loquenti,

153 3374 292 3447 Quatuor
310 3373 338 3424 in
358 3369 485 3436 linguis,
503 3367 613 3438 patria,
633 3366 824 3444 Graeceque,
841 3370 1021 3447 Latinoque,

149 3466 190 3521 Et
208 3465 326 3520 tandem
344 3461 481 3516 Hebraea.
519 3462 621 3534 Quare
642 3462 834 3521 infamissima
853 3467 980 3523 fratrum

148 3555 243 3614 Plebs
264 3557 365 3622 silent,
388 3554 455 3624 quis
474 3553 553 3607 enim
571 3555 677 3610 melius
697 3557 789 3614 mults
807 3560 897 3614 ardua
914 3563 1047 3633 scribet,

150 3650 277 3706 Rectius
296 3658 324 3701 et
343 3648 439 3715 dicet,
463 3662 552 3719 quam
571 3648 621 3719 qui
638 3648 730 3702 mults
751 3649 842 3704 ardua
860 3653 946 3707 novit
954 3652 972 3710 l'

152 3745 210 3799 Hie
227 3743 291 3809 vir,
311 3742 362 3795 hie
384 3749 429 3796 est
446 3740 545 3807 cives,
563 3740 613 3811 qui
632 3756 721 3811 quam
739 3740 807 3812 quis
824 3741 931 3811 legerit
948 3744 1039 3816 ulter,

151 3837 243 3895 Plura
261 3835 340 3889 dedit
358 3834 492 3900 calamo,
511 3830 562 3903 qui
580 3831 695 3904 primus
713 3831 838 3887 comice
858 3834 997 3908 scripsit,

152 3929 372 3999 Germanisque
391 3926 452 3982 suis
473 3940 603 3980 scenam
620 3925 783 3997 psteiecit,
804 3935 835 3980 et
853 3926 983 4000 amplam

153 4023 290 4079 Ostendit
311 4037 452 4087 caveam,
475 4018 627 4091 vetuitque
644 4017 733 4074 silere
750 4018 912 4076 theatrum.

151 4111 286 4172 Plurima
305 4116 354 4186 qui
373 4129 519 4182 numero,
537 4113 587 4184 qui
606 4112 732 4184 plurimu
750 4111 815 4183 lege
833 4111 931 4170 soluts

154 4209 311 4275 Condidit,
332 4207 443 4261 invenit
459 4206 509 4278 qui
529 4205 619 4261 multa
637 4205 785 4276 incognita
803 4204 915 4277 nobis,

152 4302 293 4373 Optimus
311 4300 481 4371 interpres,
499 4299 548 4369 qui
568 4310 649 4353 certe
667 4298 804 4371 pluribus
823 4299 907 4357 anuis

151 4398 231 4450 Ante
249 4395 342 4449 duces
364 4408 520 4461 summos,
537 4391 566 4446 in
585 4391 786 4464 Caesareoque
802 4402 907 4448 sanctu
966 4462 969 4466 Δ
1045 4420 1048 4425 -

152 4486 211 4543 Jus
228 4486 302 4542 dixit
311 4526 321 4555 ,
344 4501 435 4559 quum
453 4486 520 4559 quis
537 4476 684 4544 studuisse
700 4482 853 4559 putabitur
869 4485 961 4556 alter,
