2810 4722
277 363 342 441 170
513 365 555 437 In
582 364 766 442 Ulrichum
791 369 1041 471 Wirtenberg.

269 571 357 624 tanto
386 554 571 636 intervallo,
610 580 704 642 quarn
731 581 797 624 non
829 559 893 643 apti
922 564 1036 640 simus,
1075 588 1156 649 quos
1183 579 1218 631 tu
1244 571 1292 633 sic

269 673 464 725 contem-tas.
502 659 645 744 Aliquod
660 661 694 723 in
712 662 804 724 nobis
824 662 960 743 pristinae
980 666 1130 730 libertatis
1150 670 1290 734 studium

266 761 406 838 videtin
452 765 571 846 aliquas
605 761 690 824 vires
725 773 834 824 eontra
866 775 950 826 tuam
982 767 1158 843 audaciam,
1189 781 1289 852 >tuum

168 949 170 954 Ι
268 861 411 928 iurarem
430 861 588 936 inveniet3
610 864 823 946 quoniamque
843 865 1008 946 desperata
1027 887 1124 930 eausa
1144 869 1177 930 in
1195 871 1287 935 annis

267 959 447 1048 praesidium
465 961 590 1037 locasti,
620 981 705 1026 arma
724 961 916 1047 experieris,
950 987 1016 1029 non
1036 979 1068 1030 te
1088 970 1201 1052 digna,
1232 973 1289 1035 sed

263 1077 381 1144 nostrae
409 1060 588 1126 necessitati
615 1062 735 1138 debita,
776 1077 810 1128 ut
836 1065 870 1128 in
895 1087 989 1133 omne
1015 1087 1116 1132 evum
1143 1081 1289 1136 testatum

265 1182 336 1228 esse
355 1164 474 1245 possit,
495 1172 589 1247 quant
609 1185 668 1227 nos
687 1163 833 1228 dolenter
850 1167 939 1230 istam
956 1167 1117 1234 tulerimus
1130 1170 1289 1249 injuriam,

256 1277 298 1328 ‘ct
318 1283 412 1349 quam
430 1283 497 1327 non
516 1261 710 1330 doluerimus
729 1266 842 1341 nobis,
875 1287 911 1328 ae
936 1269 1095 1331 communi
1114 1271 1290 1334 Germaniae

264 1385 376 1428 transm.
416 1365 540 1430 Deinde
566 1385 636 1428 cum
662 1363 859 1450 iniquissime
881 1367 936 1429 abs
955 1380 987 1429 te
1002 1369 1086 1443 lesi,
1114 1367 1288 1436 fortissime

264 1488 301 1530 ec
318 1467 516 1532 eorrhdcnter
535 1463 801 1542 recusaverimus,
833 1479 1003 1550 agnoscant
1029 1486 1155 1544 omnes,
1192 1491 1288 1552 quam

261 1580 299 1629 tn
313 1567 482 1649 impunitus
495 1585 564 1630 esse
579 1587 644 1629 non
661 1567 821 1630 debueris.
861 1571 1048 1650 Quanquam
1062 1591 1129 1630 non
1145 1570 1283 1650 despero

263 1679 348 1731 tuam
368 1686 500 1750 poenam.
538 1666 653 1729 Adhuc
673 1668 883 1750 aequissimum
900 1667 1073 1748 principem
1094 1669 1284 1732 Maximilla-

255 1785 340 1832 'ntem
355 1767 493 1832 intueor.
531 1768 645 1830 Adhuc
660 1766 694 1828 in
710 1767 768 1830 ista
783 1767 957 1830 Germaniae
973 1769 1090 1848 capita,
1109 1772 1167 1832 hos
1181 1771 1283 1834 fortes

198 1871 213 1888 ⁴
262 1871 349 1934 viros
371 1889 540 1951 suspensus
556 1867 697 1930 intendo.
738 1869 791 1928 Tu
806 1867 893 1942 Diis,
913 1868 1158 1953 hominibusque
1171 1869 1281 1946 hostis,

261 1975 323 2034 hoc
341 1967 398 2033 tibi
417 1967 632 2052 proposuisti,
657 1968 683 2029 si
704 1980 734 2029 te
754 1969 846 2030 nobis
867 1967 1039 2052 eripueris,
1067 1982 1101 2032 ut
1121 1983 1282 2034 aecusato-

261 2067 350 2135 ribus
370 2067 509 2134 insultes.
549 2069 604 2131 Sin
628 2080 659 2129 te
678 2090 757 2132 vero
777 2070 926 2132 damnent
944 2071 976 2132 hi
995 2070 1134 2148 judiees,
1164 2073 1202 2133 ad
1222 2071 1282 2135 ista

261 2183 333 2247 tua,
366 2193 434 2254 quae
460 2170 494 2232 in
524 2189 689 2233 commune
715 2170 850 2232 nationis
869 2167 964 2250 hujus
984 2171 1116 2232 exitium
1134 2183 1283 2250 apparata

260 2273 374 2346 hahes,
413 2293 495 2336 arma
529 2269 705 2354 confugias.
756 2270 852 2349 Quod
886 2290 957 2332 eum
984 2281 1096 2332 notum
1120 2269 1212 2332 vobis
1240 2272 1283 2333 sit

260 2373 431 2446 Germani,
450 2383 481 2434 et
501 2371 550 2435 hic
569 2392 639 2435 esse
659 2371 786 2444 sentiat,
808 2391 907 2452 seque
927 2368 1030 2432 timeri
1049 2368 1113 2448 jam
1128 2382 1159 2433 et
1178 2382 1280 2452 putet,

259 2482 290 2534 et
310 2472 461 2552 gaudeat,
503 2472 591 2552 qrrod
619 2473 795 2552 periculum
814 2469 929 2532 instare
957 2471 1050 2532 vobis
1075 2469 1281 2553 cogitandum

258 2569 331 2631 est?
357 2571 446 2652 quod
466 2569 628 2634 imminere
648 2571 816 2636 discrimen
835 2569 979 2633 videtis?
1011 2571 1166 2633 Proiecto
1194 2593 1280 2634 sum·

257 2689 343 2734 mum
369 2691 437 2733 esse
457 2684 600 2752 oportet,
631 2671 665 2734 in
692 2692 757 2754 quo
784 2672 835 2734 hic
854 2691 943 2752 spem
961 2671 1065 2733 habet.
1112 2671 1154 2732 Ut
1174 2683 1279 2732 tamen

257 2773 335 2837 nihil
362 2775 422 2836 tale
449 2774 505 2849 sit,
548 2785 579 2833 et
607 2771 658 2836 hie
686 2793 743 2853 per
770 2771 914 2834 furorem
937 2769 1086 2846 iitsaniat,
1123 2791 1182 2832 nee
1220 2771 1278 2834 ista

257 2886 343 2938 recte
363 2885 541 2954 comparata
560 2871 674 2932 aarxilia
691 2871 772 2946 sint,
793 2871 871 2953 quid
891 2870 1021 2932 Deum?
1041 2871 1278 2953 quidlleligio-

255 2975 353 3034 nem?
390 2990 498 3032 norme
529 2969 621 3032 vobis
654 2992 736 3033 curae
766 2991 834 3033 esse
853 2967 1019 3050 oportuit?
1054 2969 1170 3030 Metuo
1191 2970 1277 3032 enim

257 3070 424 3142 Germani,
478 3087 518 3128 ne
549 3069 575 3130 si
613 3068 784 3150 impunitus
820 3080 957 3144 maneat,
995 3067 1165 3152 aliquando
1203 3066 1276 3150 ejus

255 3172 373 3234 seelera
413 3167 466 3232 Dii
497 3167 685 3233 immortales
714 3168 746 3232 in
782 3188 840 3230 nos
875 3169 1016 3252 expient.
1072 3169 1106 3232 Si
1133 3189 1276 3252 unquam

254 3270 351 3350 igitur
371 3267 474 3348 prius,
496 3288 581 3332 ntarrc
600 3269 778 3334 meminisse
797 3289 855 3330 vos
877 3277 1019 3346 oportet,
1051 3269 1129 3352 quid
1147 3267 1275 3348 justitiae

253 3369 416 3433 debeatur.
456 3373 601 3434 'l'olemri
614 3373 666 3434 ille
678 3371 797 3452 potuit,
810 3380 885 3430 tunc
898 3388 971 3430 cum
983 3369 1123 3442 luderet,
1136 3378 1273 3448 potaret,

252 3469 352 3534 amori
371 3491 499 3553 operam
521 3473 625 3547 aleret,
652 3482 727 3532 tune
745 3488 826 3530 vero
843 3487 916 3529 cum
931 3467 1074 3530 lucrandi
1093 3466 1274 3530 avialitatem

250 3569 283 3632 in
313 3571 469 3652 rapinam,
509 3593 546 3633 ae
580 3571 754 3650 spoliorum
789 3569 952 3641 ardorem,
997 3567 1203 3630 vinolentiam
1238 3569 1273 3630 in

250 3669 372 3735 cruoris
399 3671 498 3743 sitim,
533 3690 673 3734 arnorern
697 3668 880 3742 mulierum,
910 3665 943 3729 in
973 3667 1082 3730 odiun
1109 3667 1271 3730 bonorum

249 3773 393 3835 virorum
435 3780 654 3846 converteret,
699 3766 866 3831 exclamari
913 3766 1039 3829 decuit:
1090 3766 1271 3840 „infelicem

249 3870 467 3944 Germaniam,
511 3866 604 3948 cujus
649 3891 716 3931 non
755 3867 1014 3951 ignobilissimam
1049 3880 1178 3951 gentem
1218 3867 1270 3930 hie

248 3969 394 4052 princeps
421 3967 577 4053 gubernet
589 3972 612 4030 l‘
652 3971 694 4030 Et
719 3980 827 4052 potest
849 3965 966 4050 jactare
994 3988 1048 4043 se,
1077 3970 1169 4052 quod
1194 3966 1270 4032 milri
