2624 5108
224 886 298 959 802
605 873 864 957 Exhortstorie

99 1086 105 1093 '
226 1082 314 1137 tento
334 1093 432 1148 auro,
462 1081 526 1135 tm
543 1069 660 1152 peratis
680 1069 823 1134 omnibus
842 1077 955 1134 contu
980 1083 1041 1134 nes
1063 1066 1249 1136 nemesus

226 1174 290 1238 Sed
307 1184 342 1236 ut
355 1171 409 1234 itte
428 1170 593 1254 magnifiee
613 1169 732 1245 omnis,
753 1165 894 1254 quedem
912 1169 1005 1232 etism
1024 1186 1091 1233 non
1108 1171 1251 1251 prudens

228 1274 346 1339 tissime
364 1269 426 1337 sibi
444 1271 615 1352 proponit,
650 1269 693 1332 ito
712 1267 817 1351 siper
835 1289 894 1333 vos
912 1267 1002 1345 licet,
1033 1266 1134 1333 statim
1153 1287 1249 1333 omne

227 1396 246 1438 e
272 1373 365 1436 nobis
389 1369 565 1454 periculum
590 1369 792 1452 depeliemus.
838 1369 962 1454 Magno
988 1369 1092 1434 iateer
1116 1370 1250 1455 negotio

197 1485 201 1492 ’
226 1473 372 1537 evellitur
399 1488 519 1536 armore
541 1471 656 1550 arbor,
680 1482 807 1556 etque
830 1468 892 1551 jam
912 1469 1055 1535 altissime
1079 1490 1151 1533 suos
1180 1471 1252 1534 fixit

227 1574 367 1648 radices,
384 1572 528 1642 eveltinrr
541 1579 663 1636 temen
693 1571 746 1635 Sic
757 1568 887 1646 Terrore,
906 1591 1088 1654 quanquam
1103 1570 1252 1635 letissime

227 1675 402 1756 imperant,
431 1694 468 1737 sc
492 1671 528 1736 in
555 1681 665 1737 omnes
690 1670 891 1736 necessitates
916 1671 1041 1735 abunde
1064 1671 1252 1739 instructum

230 1771 406 1837 exercitum
430 1775 567 1849 decinit,
597 1771 760 1837 vincibiles
784 1782 888 1836 tanen
912 1782 999 1836 sunt.
1045 1773 1088 1834 Et
1112 1771 1173 1836 nisi
1197 1789 1251 1837 nie

231 1871 336 1937 emnia
359 1872 481 1950 fodent,
519 1887 588 1936 non
609 1871 775 1936 difficulter
798 1873 913 1950 etism,
948 1873 1047 1936 nodo
1073 1873 1250 1936 concordes

230 1993 353 2049 eamus,
380 1974 478 2036 modo
502 1971 585 2037 inter
603 1993 663 2036 nos
681 1968 766 2036 hand
784 1968 1005 2054 disceptemus·
1050 1971 1088 2035 ld
1108 1975 1198 2055 quod
1216 1972 1250 2038 in

229 2071 325 2137 vobis
344 2074 532 2157 quissimus
550 2085 598 2137 est
608 2119 617 2150 ,
650 2083 809 2155 prestnte,
839 2093 881 2136 ne
904 2071 1069 2137 seoriam
1087 2071 1249 2153 impedite,

229 2171 413 2255 Principes,
455 2172 712 2254 pulcherrimam,
748 2159 1046 2252 inrctuosissinrsm,
1096 2175 1252 2239 sanctissi-

229 2292 320 2336 mem.
376 2271 494 2337 Vestra
522 2272 719 2356 potissimum
744 2292 839 2340 carne
866 2274 986 2358 sgittis,
1013 2286 1118 2338 vestre
1143 2275 1253 2341 existi·

228 2373 345 2450 matio,
394 2384 501 2437 vestra
539 2373 693 2457 digniter,
740 2395 835 2458 quam
872 2390 980 2460 queso
1021 2375 1184 2440 defendite
1214 2396 1252 2440 ac

230 2485 427 2537 conservate.
465 2476 568 2538 Nemo
586 2473 679 2538 fortis
699 2473 897 2558 dignitatem,
917 2472 976 2539 nisi
994 2488 1066 2539 curn
1083 2475 1145 2540 vite
1159 2476 1253 2541 simui

231 2575 352 2639 emittit.
396 2579 440 2639 Et
463 2575 578 2639 videtis
604 2578 703 2657 vulgo
727 2574 878 2654 inientes,
909 2576 966 2659 qui
990 2575 1254 2643 existimationem

230 2675 409 2759 neglexisse
428 2696 516 2740 suam
531 2677 562 2752 ⁰)
578 2675 767 2758 deprehensi
786 2686 869 2738 sunt.
907 2678 985 2760 Qun
1002 2688 1104 2740 vestra
1122 2675 1255 2742 fortuna

230 2787 296 2852 est,
314 2774 499 2858 prospicere
518 2777 642 2841 debetis
650 2809 668 2853 ,·
687 2797 729 2839 ne
749 2774 827 2861 quid
848 2774 882 2838 in
900 2793 961 2839 sos
979 2773 1096 2840 sinistri
1113 2776 1253 2840 rumoris

230 2887 396 2959 congruat.
428 2879 478 2939 Ac
486 2876 535 2953 Μ)
551 2875 739 2960 prospicite,
759 2897 780 2939 o
794 2874 975 2957 Principes!
995 2874 1156 2938 Remittite
1171 2874 1255 2939 invi·

232 2996 301 3040 cern
317 2975 466 3057 injurias,
486 2981 664 3045 condonate
677 2981 823 3043 offensos.
856 2979 987 3040 Praestet
997 2974 1124 3056 publice
1138 2975 1254 3042 utilitas

231 3076 356 3156 privato
382 3080 563 3142 commodo.
606 3081 656 3142 Ne
684 3080 777 3142 sinite
804 3076 847 3139 ob
872 3075 1044 3157 pauxillum
1071 3073 1252 3140 domesticae

231 3172 377 3257 jacturas,
408 3179 551 3244 simodo
570 3179 690 3262 jactura
707 3179 803 3251 inest,
834 3186 954 3239 tanturn
973 3175 1134 3257 publicum
1152 3175 1253 3258 impe·

232 3276 294 3342 diri
310 3278 440 3343 boumn.
478 3276 703 3345 Recordsmini
713 3298 772 3340 vos
789 3275 941 3339 Romanis
958 3277 1145 3340 successisse
1157 3276 1253 3339 Prin·

232 3377 377 3460 cipibus,
408 3380 556 3443 nimirum
575 3380 753 3443 Romanum
779 3397 876 3459 penes
896 3395 979 3460 quos
1004 3374 1168 3458 imperium
1193 3385 1255 3464 est.

232 3477 277 3544 At
294 3489 528 3542 consueverunt
546 3478 606 3554 illi,
634 3497 699 3544 non
717 3476 764 3540 sic
782 3477 821 3540 ab
840 3477 931 3539 hoste
949 3475 1100 3550 lacessiti,
1119 3477 1213 3540 toties
1234 3496 1253 3543 c

232 3575 299 3642 suis
323 3577 446 3660 rogati,
475 3578 593 3642 bellum
616 3595 746 3663 gerere,
772 3577 876 3642 statim
894 3588 1023 3659 accepts
1039 3575 1155 3656 injuria
1174 3598 1252 3640 con·

233 3689 421 3754 sueverunt,
442 3690 475 3741 et
488 3699 571 3762 sepe
585 3679 674 3763 prius
688 3696 784 3764 quen
800 3677 886 3760 plebi
901 3678 1041 3743 auditum
1055 3689 1138 3743 essct
1151 3679 1254 3742 hostis

233 3797 363 3842 nomen.
415 3782 522 3862 Quum
548 3781 654 3846 surdis
679 3780 774 3844 vobis
800 3790 849 3842 tot
875 3772 1083 3862 jsrr'snnos,
1117 3779 1254 3844 eandem

232 3879 417 3945 cantilenam
437 3893 584 3947 occentet
601 3883 737 3964 populos
750 3880 949 3955 timenus,
979 3890 1074 3964 atque
1090 3878 1122 3943 hi
1141 3880 1254 3962 quenti

233 3982 342 4068 quenti
367 3981 514 4059 inerunt,
545 3981 705 4047 anostris
730 3977 903 4062 majoribus
927 3979 1043 4044 bellum
1068 3977 1254 4056 deserentes,

233 4093 361 4146 strenue
376 4082 496 4165 repulsi
512 4092 601 4158 sunt,
622 4102 658 4144 sc
674 4081 766 4147 erriis
782 4079 872 4162 petiti
889 4079 997 4157 etiem,
1018 4091 1050 4144 et
1062 4091 1098 4144 nt
1113 4079 1253 4142 historiae

230 4193 422 4258 memorant,
448 4181 482 4247 in
497 4203 555 4246 sus
569 4180 657 4243 ltalia
669 4181 759 4262 petiti
773 4202 810 4245 ec
822 4179 971 4263 superati.
1010 4177 1047 4242 ln
1061 4181 1122 4242 hoc
1136 4201 1245 4247 rerunt

230 4278 359 4366 festigio
377 4301 451 4345 cum
468 4280 535 4346 sitis
551 4281 698 4346 collocati
708 4320 718 4360 ,
738 4281 786 4348 his
806 4278 980 4365 majoribus
998 4280 1177 4365 progeniti,
1204 4288 1252 4342 tot

260 4485 299 4558 ⁸)
315 4494 379 4544 ons
394 4493 546 4554 murtae:
563 4506 635 4544 uses
650 4495 785 4556 tetsettrt.
818 4483 868 4558 ⁸¹⁴¹)
883 4492 939 4550 At,
955 4490 994 4542 tt.
