<?xml version="1.0" encoding="UTF-8"?>
<!DOCTYPE html PUBLIC "-//W3C//DTD XHTML 1.0 Transitional//EN"
    "http://www.w3.org/TR/xhtml1/DTD/xhtml1-transitional.dtd">
<html xmlns="http://www.w3.org/1999/xhtml" xml:lang="en" lang="en">
 <head>
  <title>
</title>
<meta http-equiv="Content-Type" content="text/html;charset=utf-8" />
  <meta name='ocr-system' content='tesseract 3.04.00' />
  <meta name='ocr-capabilities' content='ocr_page ocr_carea ocr_par ocr_line ocrx_word'/>
</head>
<body>
  <div class='ocr_page' id='page_1' title='image "./ulrichiabhutten03mngoog_0369.png"; bbox 0 0 2624 5108; ppageno 0'>
   <div class='ocr_carea' id='block_1_1' title="bbox 132 840 765 939">
    <p class='ocr_par' dir='ltr' id='par_1_1' title="bbox 132 840 765 939">
     <span class='ocr_line' id='line_1_1' title="bbox 132 840 765 939; baseline 0.013 -32"><span class='ocrx_word' id='word_1_1' title='bbox 132 847 211 922; x_wconf 76' lang='lat'>&#39;360</span> <span class='ocrx_word' id='word_1_2' title='bbox 544 840 765 939; x_wconf 83' lang='lat' dir='ltr'><strong>Triumphus</strong></span> 
     </span>
    </p>
   </div>
   <div class='ocr_carea' id='block_1_2' title="bbox 6 1006 1195 4034">
    <p class='ocr_par' dir='ltr' id='par_1_2' title="bbox 6 1006 1195 4034">
     <span class='ocr_line' id='line_1_2' title="bbox 142 1006 1169 1110; baseline -0.003 -8"><span class='ocrx_word' id='word_1_3' title='bbox 142 1058 209 1102; x_wconf 90' lang='lat' dir='ltr'><strong>non</strong></span> <span class='ocrx_word' id='word_1_4' title='bbox 228 1006 404 1110; x_wconf 87' lang='lat' dir='ltr'><strong>desineret,</strong></span> <span class='ocrx_word' id='word_1_5' title='bbox 430 1054 562 1098; x_wconf 82' lang='lat' dir='ltr'><strong>secures</strong></span> <span class='ocrx_word' id='word_1_6' title='bbox 584 1032 646 1099; x_wconf 87' lang='lat' dir='ltr'><strong>sibi</strong></span> <span class='ocrx_word' id='word_1_7' title='bbox 672 1033 826 1097; x_wconf 75' lang='lat' dir='ltr'><strong>conlectae</strong></span> <span class='ocrx_word' id='word_1_8' title='bbox 843 1033 980 1099; x_wconf 79' lang='lat' dir='ltr'><strong>feliciter</strong></span> <span class='ocrx_word' id='word_1_9' title='bbox 995 1034 1056 1098; x_wconf 88' lang='lat' dir='ltr'><strong>rei.</strong></span> <span class='ocrx_word' id='word_1_10' title='bbox 1093 1034 1169 1099; x_wconf 82' lang='lat' dir='ltr'><strong>Me·</strong></span> 
     </span>
     <span class='ocr_line' id='line_1_3' title="bbox 144 1133 1171 1221; baseline -0.004 -16"><span class='ocrx_word' id='word_1_11' title='bbox 144 1139 221 1207; x_wconf 90' lang='lat' dir='ltr'><strong>mini</strong></span> <span class='ocrx_word' id='word_1_12' title='bbox 244 1137 467 1221; x_wconf 87' lang='lat' dir='ltr'><strong>opprobratsm</strong></span> <span class='ocrx_word' id='word_1_13' title='bbox 496 1135 590 1199; x_wconf 91' lang='lat' dir='ltr'><strong>nobis</strong></span> <span class='ocrx_word' id='word_1_14' title='bbox 622 1133 656 1197; x_wconf 90' lang='lat' dir='ltr'><strong>in</strong></span> <span class='ocrx_word' id='word_1_15' title='bbox 683 1134 772 1198; x_wconf 84' lang='lat' dir='ltr'><strong>ltalia</strong></span> <span class='ocrx_word' id='word_1_16' title='bbox 795 1133 932 1199; x_wconf 87' lang='lat' dir='ltr'><strong>bominis</strong></span> <span class='ocrx_word' id='word_1_17' title='bbox 959 1135 1171 1201; x_wconf 85' lang='lat' dir='ltr'><strong>insolentiam.</strong></span> 
     </span>
     <span class='ocr_line' id='line_1_4' title="bbox 147 1233 1172 1321; baseline -0.003 -17"><span class='ocrx_word' id='word_1_18' title='bbox 147 1240 304 1315; x_wconf 82' lang='lat' dir='ltr'><strong>Tantum,</strong></span> <span class='ocrx_word' id='word_1_19' title='bbox 337 1235 441 1321; x_wconf 87' lang='lat' dir='ltr'><strong>inquit</strong></span> <span class='ocrx_word' id='word_1_20' title='bbox 464 1235 597 1320; x_wconf 88' lang='lat' dir='ltr'><strong>aliquis,</strong></span> <span class='ocrx_word' id='word_1_21' title='bbox 634 1233 706 1297; x_wconf 89' lang='lat' dir='ltr'><strong>lieet</strong></span> <span class='ocrx_word' id='word_1_22' title='bbox 731 1234 765 1298; x_wconf 90' lang='lat' dir='ltr'><strong>in</strong></span> <span class='ocrx_word' id='word_1_23' title='bbox 795 1233 965 1299; x_wconf 75' lang='lat' dir='ltr'><strong>Germania</strong></span> <span class='ocrx_word' id='word_1_24' title='bbox 992 1236 1172 1301; x_wconf 79' lang='lat' dir='ltr'><strong>iratribus?</strong></span> 
     </span>
     <span class='ocr_line' id='line_1_5' title="bbox 144 1333 1174 1420; baseline -0.003 -15"><span class='ocrx_word' id='word_1_25' title='bbox 144 1340 301 1405; x_wconf 84' lang='lat' dir='ltr'><strong>Velabam</strong></span> <span class='ocrx_word' id='word_1_26' title='bbox 321 1338 389 1420; x_wconf 92' lang='lat' dir='ltr'><strong>ipse</strong></span> <span class='ocrx_word' id='word_1_27' title='bbox 409 1336 533 1412; x_wconf 87' lang='lat' dir='ltr'><strong>verbis,</strong></span> <span class='ocrx_word' id='word_1_28' title='bbox 565 1347 719 1419; x_wconf 88' lang='lat' dir='ltr'><strong>quantum</strong></span> <span class='ocrx_word' id='word_1_29' title='bbox 740 1333 846 1412; x_wconf 90' lang='lat' dir='ltr'><strong>licuit,</strong></span> <span class='ocrx_word' id='word_1_30' title='bbox 878 1347 1019 1400; x_wconf 87' lang='lat' dir='ltr'><strong>nostram</strong></span> <span class='ocrx_word' id='word_1_31' title='bbox 1036 1338 1174 1420; x_wconf 86' lang='lat' dir='ltr'><strong>turpitu-</strong></span> 
     </span>
     <span class='ocr_line' id='line_1_6' title="bbox 146 1434 1175 1518; baseline -0.001 -15"><span class='ocrx_word' id='word_1_32' title='bbox 146 1441 264 1505; x_wconf 83' lang='lat' dir='ltr'><strong>dinem.</strong></span> <span class='ocrx_word' id='word_1_33' title='bbox 322 1440 366 1502; x_wconf 87' lang='lat' dir='ltr'><strong>Et</strong></span> <span class='ocrx_word' id='word_1_34' title='bbox 395 1456 469 1500; x_wconf 86' lang='lat' dir='ltr'><strong>cum</strong></span> <span class='ocrx_word' id='word_1_35' title='bbox 505 1434 621 1518; x_wconf 88' lang='lat' dir='ltr'><strong>passim</strong></span> <span class='ocrx_word' id='word_1_36' title='bbox 651 1437 816 1513; x_wconf 78' lang='lat' dir='ltr'><strong>Bemense</strong></span> <span class='ocrx_word' id='word_1_37' title='bbox 848 1439 952 1501; x_wconf 85' lang='lat' dir='ltr'><strong>scelus</strong></span> <span class='ocrx_word' id='word_1_38' title='bbox 986 1451 1175 1516; x_wconf 88' lang='lat' dir='ltr'><strong>caneretur,</strong></span> 
     </span>
     <span class='ocr_line' id='line_1_7' title="bbox 6 1535 1175 1621; baseline -0.003 -15"><span class='ocrx_word' id='word_1_39' title='bbox 6 1570 11 1583; x_wconf 64' lang='lat'><strong><em>¹</em></strong></span> <span class='ocrx_word' id='word_1_40' title='bbox 144 1540 396 1614; x_wconf 78' lang='lat' dir='ltr'><strong>dissimulabam,</strong></span> <span class='ocrx_word' id='word_1_41' title='bbox 430 1556 612 1621; x_wconf 84' lang='lat' dir='ltr'><strong>equorum</strong></span> <span class='ocrx_word' id='word_1_42' title='bbox 635 1536 819 1603; x_wconf 85' lang='lat' dir='ltr'><strong>colluvione</strong></span> <span class='ocrx_word' id='word_1_43' title='bbox 840 1535 992 1602; x_wconf 88' lang='lat' dir='ltr'><strong>immensa</strong></span> <span class='ocrx_word' id='word_1_44' title='bbox 1012 1560 1115 1620; x_wconf 81' lang='lat' dir='ltr'>prope</span> <span class='ocrx_word' id='word_1_45' title='bbox 1137 1561 1175 1602; x_wconf 92' lang='lat' dir='ltr'><strong>ac</strong></span> 
     </span>
     <span class='ocr_line' id='line_1_8' title="bbox 146 1636 1175 1726; baseline 0.002 -22"><span class='ocrx_word' id='word_1_46' title='bbox 146 1639 275 1726; x_wconf 80' lang='lat' dir='ltr'>pessimi</span> <span class='ocrx_word' id='word_1_47' title='bbox 303 1636 441 1720; x_wconf 84' lang='lat' dir='ltr'><strong>exempli</strong></span> <span class='ocrx_word' id='word_1_48' title='bbox 470 1637 590 1701; x_wconf 88' lang='lat' dir='ltr'><strong>seelera</strong></span> <span class='ocrx_word' id='word_1_49' title='bbox 622 1638 868 1718; x_wconf 84' lang='lat' dir='ltr'><strong>produxissent,</strong></span> <span class='ocrx_word' id='word_1_50' title='bbox 909 1659 967 1704; x_wconf 89' lang='lat' dir='ltr'><strong>eos</strong></span> <span class='ocrx_word' id='word_1_51' title='bbox 1000 1641 1085 1721; x_wconf 88' lang='lat' dir='ltr'><strong>apud</strong></span> <span class='ocrx_word' id='word_1_52' title='bbox 1113 1662 1175 1706; x_wconf 89' lang='lat' dir='ltr'><strong>nos</strong></span> 
     </span>
     <span class='ocr_line' id='line_1_9' title="bbox 148 1736 1177 1826; baseline -0.004 -20"><span class='ocrx_word' id='word_1_53' title='bbox 148 1742 261 1826; x_wconf 87' lang='lat' dir='ltr'><strong>augeri</strong></span> <span class='ocrx_word' id='word_1_54' title='bbox 277 1739 470 1815; x_wconf 78' lang='lat' dir='ltr'>honoribus,</span> <span class='ocrx_word' id='word_1_55' title='bbox 490 1736 594 1803; x_wconf 88' lang='lat' dir='ltr'><strong>dotari</strong></span> <span class='ocrx_word' id='word_1_56' title='bbox 614 1738 815 1814; x_wconf 87' lang='lat' dir='ltr'><strong>muneribus,</strong></span> <span class='ocrx_word' id='word_1_57' title='bbox 837 1760 873 1801; x_wconf 87' lang='lat' dir='ltr'><strong>ac</strong></span> <span class='ocrx_word' id='word_1_58' title='bbox 889 1738 1044 1803; x_wconf 75' lang='lat' dir='ltr'>reditibus</span> <span class='ocrx_word' id='word_1_59' title='bbox 1064 1741 1177 1823; x_wconf 87' lang='lat' dir='ltr'><strong>locup-</strong></span> 
     </span>
     <span class='ocr_line' id='line_1_10' title="bbox 147 1838 1178 1921; baseline -0.004 -13"><span class='ocrx_word' id='word_1_60' title='bbox 147 1842 249 1908; x_wconf 88' lang='lat' dir='ltr'><strong>letari.</strong></span> <span class='ocrx_word' id='word_1_61' title='bbox 265 1902 271 1919; x_wconf 77' lang='grc'><strong>,</strong></span> <span class='ocrx_word' id='word_1_62' title='bbox 285 1840 394 1907; x_wconf 81' lang='lat' dir='ltr'><strong>Porro</strong></span> <span class='ocrx_word' id='word_1_63' title='bbox 412 1840 489 1905; x_wconf 89' lang='lat' dir='ltr'><strong>illud</strong></span> <span class='ocrx_word' id='word_1_64' title='bbox 509 1838 707 1914; x_wconf 81' lang='lat' dir='ltr'><strong>metuebam,</strong></span> <span class='ocrx_word' id='word_1_65' title='bbox 733 1860 776 1903; x_wconf 87' lang='lat' dir='ltr'><strong>ne</strong></span> <span class='ocrx_word' id='word_1_66' title='bbox 795 1850 996 1921; x_wconf 88' lang='lat' dir='ltr'><strong>erumperet,</strong></span> <span class='ocrx_word' id='word_1_67' title='bbox 1024 1840 1056 1902; x_wconf 88' lang='lat' dir='ltr'><strong>id</strong></span> <span class='ocrx_word' id='word_1_68' title='bbox 1075 1840 1178 1904; x_wconf 89' lang='lat' dir='ltr'><strong>homi·</strong></span> 
     </span>
     <span class='ocr_line' id='line_1_11' title="bbox 150 1926 1177 2025; baseline -0.002 -19"><span class='ocrx_word' id='word_1_69' title='bbox 150 1963 228 2007; x_wconf 91' lang='lat' dir='ltr'><strong>num</strong></span> <span class='ocrx_word' id='word_1_70' title='bbox 244 1932 346 2025; x_wconf 84' lang='lat' dir='ltr'><strong>genus</strong></span> <span class='ocrx_word' id='word_1_71' title='bbox 371 1926 537 2003; x_wconf 72' lang='lat' dir='ltr'><strong>censendis</strong></span> <span class='ocrx_word' id='word_1_72' title='bbox 555 1937 698 2004; x_wconf 87' lang='lat' dir='ltr'><strong>moribus</strong></span> <span class='ocrx_word' id='word_1_73' title='bbox 717 1960 754 2003; x_wconf 85' lang='lat' dir='ltr'><strong>ac</strong></span> <span class='ocrx_word' id='word_1_74' title='bbox 777 1938 889 2003; x_wconf 88' lang='lat' dir='ltr'><strong>studiis</strong></span> <span class='ocrx_word' id='word_1_75' title='bbox 909 1938 1026 2004; x_wconf 86' lang='lat' dir='ltr'><strong>nostris</strong></span> <span class='ocrx_word' id='word_1_76' title='bbox 1048 1942 1177 2023; x_wconf 78' lang='lat' dir='ltr'><strong>pratici.</strong></span> 
     </span>
     <span class='ocr_line' id='line_1_12' title="bbox 150 2038 1179 2125; baseline -0.004 -15"><span class='ocrx_word' id='word_1_77' title='bbox 150 2042 361 2125; x_wconf 77' lang='lat' dir='ltr'><strong>Affligebatur</strong></span> <span class='ocrx_word' id='word_1_78' title='bbox 381 2040 503 2104; x_wconf 87' lang='lat' dir='ltr'><strong>interea</strong></span> <span class='ocrx_word' id='word_1_79' title='bbox 520 2039 625 2104; x_wconf 80' lang='lat' dir='ltr'><strong>bontu</strong></span> <span class='ocrx_word' id='word_1_80' title='bbox 644 2048 808 2120; x_wconf 74' lang='lat' dir='ltr'><strong>capnion,</strong></span> <span class='ocrx_word' id='word_1_81' title='bbox 832 2038 900 2122; x_wconf 89' lang='lat' dir='ltr'><strong>ipse</strong></span> <span class='ocrx_word' id='word_1_82' title='bbox 916 2049 1057 2104; x_wconf 86' lang='lat' dir='ltr'><strong>nostram</strong></span> <span class='ocrx_word' id='word_1_83' title='bbox 1075 2041 1179 2106; x_wconf 88' lang='lat' dir='ltr'><strong>vicem</strong></span> 
     </span>
     <span class='ocr_line' id='line_1_13' title="bbox 152 2138 1181 2225; baseline -0.003 -17"><span class='ocrx_word' id='word_1_84' title='bbox 152 2141 319 2217; x_wconf 74' lang='lat' dir='ltr'><strong>dolebam,</strong></span> <span class='ocrx_word' id='word_1_85' title='bbox 354 2153 386 2205; x_wconf 89' lang='lat' dir='ltr'><strong>et</strong></span> <span class='ocrx_word' id='word_1_86' title='bbox 415 2160 540 2205; x_wconf 86' lang='lat' dir='ltr'><strong>meeum</strong></span> <span class='ocrx_word' id='word_1_87' title='bbox 568 2138 703 2203; x_wconf 89' lang='lat' dir='ltr'><strong>insontis</strong></span> <span class='ocrx_word' id='word_1_88' title='bbox 728 2160 834 2203; x_wconf 86' lang='lat' dir='ltr'><strong>casum</strong></span> <span class='ocrx_word' id='word_1_89' title='bbox 867 2138 1055 2225; x_wconf 85' lang='lat' dir='ltr'><strong>indignabar</strong></span> <span class='ocrx_word' id='word_1_90' title='bbox 1078 2141 1181 2205; x_wconf 82' lang='lat' dir='ltr'><strong>amici.</strong></span> 
     </span>
     <span class='ocr_line' id='line_1_14' title="bbox 152 2238 1184 2326; baseline -0.002 -18"><span class='ocrx_word' id='word_1_91' title='bbox 152 2243 269 2326; x_wconf 76' lang='lat' dir='ltr'><strong>Neque</strong></span> <span class='ocrx_word' id='word_1_92' title='bbox 293 2240 424 2324; x_wconf 85' lang='lat' dir='ltr'><strong>segnius</strong></span> <span class='ocrx_word' id='word_1_93' title='bbox 454 2251 543 2322; x_wconf 86' lang='lat' dir='ltr'><strong>parta</strong></span> <span class='ocrx_word' id='word_1_94' title='bbox 573 2238 636 2322; x_wconf 83' lang='lat' dir='ltr'><strong>jam</strong></span> <span class='ocrx_word' id='word_1_95' title='bbox 665 2240 798 2304; x_wconf 87' lang='lat' dir='ltr'><strong>victoria</strong></span> <span class='ocrx_word' id='word_1_96' title='bbox 824 2242 957 2317; x_wconf 86' lang='lat' dir='ltr'><strong>exulto,</strong></span> <span class='ocrx_word' id='word_1_97' title='bbox 998 2252 1033 2304; x_wconf 92' lang='lat' dir='ltr'><strong>ut</strong></span> <span class='ocrx_word' id='word_1_98' title='bbox 1064 2244 1119 2324; x_wconf 92' lang='lat' dir='ltr'><strong>qui</strong></span> <span class='ocrx_word' id='word_1_99' title='bbox 1149 2243 1184 2305; x_wconf 88' lang='lat' dir='ltr'><strong>in</strong></span> 
     </span>
     <span class='ocr_line' id='line_1_15' title="bbox 155 2339 1181 2425; baseline -0.001 -18"><span class='ocrx_word' id='word_1_100' title='bbox 155 2342 289 2407; x_wconf 81' lang='lat' dir='ltr'><strong>exitium</strong></span> <span class='ocrx_word' id='word_1_101' title='bbox 322 2341 533 2422; x_wconf 88' lang='lat' dir='ltr'><strong>pessimorum</strong></span> <span class='ocrx_word' id='word_1_102' title='bbox 566 2339 731 2405; x_wconf 90' lang='lat' dir='ltr'><strong>bominum</strong></span> <span class='ocrx_word' id='word_1_103' title='bbox 763 2342 855 2404; x_wconf 87' lang='lat' dir='ltr'><strong>latam</strong></span> <span class='ocrx_word' id='word_1_104' title='bbox 893 2341 956 2424; x_wconf 83' lang='lat' dir='ltr'><strong>jam</strong></span> <span class='ocrx_word' id='word_1_105' title='bbox 994 2343 1181 2425; x_wconf 81' lang='lat' dir='ltr'><strong>patefactam</strong></span> 
     </span>
     <span class='ocr_line' id='line_1_16' title="bbox 154 2438 1182 2526; baseline 0.002 -19"><span class='ocrx_word' id='word_1_106' title='bbox 154 2442 327 2507; x_wconf 72' lang='lat' dir='ltr'><strong>fenestram</strong></span> <span class='ocrx_word' id='word_1_107' title='bbox 343 2442 479 2506; x_wconf 87' lang='lat' dir='ltr'><strong>videam.</strong></span> <span class='ocrx_word' id='word_1_108' title='bbox 526 2438 654 2523; x_wconf 82' lang='lat' dir='ltr'><strong>Quippe</strong></span> <span class='ocrx_word' id='word_1_109' title='bbox 678 2441 799 2506; x_wconf 88' lang='lat' dir='ltr'><strong>Turcas</strong></span> <span class='ocrx_word' id='word_1_110' title='bbox 820 2463 907 2526; x_wconf 83' lang='lat' dir='ltr'><strong>nego</strong></span> <span class='ocrx_word' id='word_1_111' title='bbox 934 2455 988 2506; x_wconf 90' lang='lat' dir='ltr'><strong>aut</strong></span> <span class='ocrx_word' id='word_1_112' title='bbox 1008 2444 1182 2509; x_wconf 75' lang='lat' dir='ltr'><strong>ardentiori</strong></span> 
     </span>
     <span class='ocr_line' id='line_1_17' title="bbox 154 2538 1183 2628; baseline 0.001 -21"><span class='ocrx_word' id='word_1_113' title='bbox 154 2543 273 2628; x_wconf 85' lang='lat' dir='ltr'><strong>dignos</strong></span> <span class='ocrx_word' id='word_1_114' title='bbox 292 2540 389 2618; x_wconf 86' lang='lat' dir='ltr'><strong>odio,</strong></span> <span class='ocrx_word' id='word_1_115' title='bbox 421 2551 474 2603; x_wconf 86' lang='lat' dir='ltr'><strong>aut</strong></span> <span class='ocrx_word' id='word_1_116' title='bbox 491 2538 606 2622; x_wconf 85' lang='lat' dir='ltr'><strong>majori</strong></span> <span class='ocrx_word' id='word_1_117' title='bbox 623 2543 857 2625; x_wconf 83' lang='lat' dir='ltr'><strong>oppugnandos</strong></span> <span class='ocrx_word' id='word_1_118' title='bbox 876 2564 988 2626; x_wconf 88' lang='lat' dir='ltr'><strong>opere.</strong></span> <span class='ocrx_word' id='word_1_119' title='bbox 1026 2545 1070 2606; x_wconf 89' lang='lat' dir='ltr'><strong>Hi</strong></span> <span class='ocrx_word' id='word_1_120' title='bbox 1088 2557 1183 2623; x_wconf 88' lang='lat' dir='ltr'><strong>sunt,</strong></span> 
     </span>
     <span class='ocr_line' id='line_1_18' title="bbox 156 2638 1184 2730; baseline 0.002 -23"><span class='ocrx_word' id='word_1_121' title='bbox 156 2644 275 2730; x_wconf 82' lang='lat' dir='ltr'><strong>quibus</strong></span> <span class='ocrx_word' id='word_1_122' title='bbox 305 2653 486 2723; x_wconf 87' lang='lat' dir='ltr'><strong>temporum</strong></span> <span class='ocrx_word' id='word_1_123' title='bbox 511 2638 694 2706; x_wconf 75' lang='lat' dir='ltr'><strong>infelicitate</strong></span> <span class='ocrx_word' id='word_1_124' title='bbox 724 2653 810 2704; x_wconf 85' lang='lat' dir='ltr'><strong>recta</strong></span> <span class='ocrx_word' id='word_1_125' title='bbox 837 2644 942 2708; x_wconf 84' lang='lat' dir='ltr'><strong>studia</strong></span> <span class='ocrx_word' id='word_1_126' title='bbox 970 2642 1184 2722; x_wconf 87' lang='lat' dir='ltr'><strong>interierunt,</strong></span> 
     </span>
     <span class='ocr_line' id='line_1_19' title="bbox 156 2740 1186 2826; baseline 0.001 -18"><span class='ocrx_word' id='word_1_127' title='bbox 156 2742 254 2810; x_wconf 77' lang='lat' dir='ltr'><strong>litere</strong></span> <span class='ocrx_word' id='word_1_128' title='bbox 283 2743 472 2825; x_wconf 79' lang='lat' dir='ltr'><strong>proculcata</strong></span> <span class='ocrx_word' id='word_1_129' title='bbox 501 2751 592 2817; x_wconf 87' lang='lat' dir='ltr'><strong>sent,</strong></span> <span class='ocrx_word' id='word_1_130' title='bbox 625 2740 734 2804; x_wconf 86' lang='lat' dir='ltr'><strong>divina</strong></span> <span class='ocrx_word' id='word_1_131' title='bbox 767 2742 945 2826; x_wconf 80' lang='lat' dir='ltr'><strong>&#39;lbeologia</strong></span> <span class='ocrx_word' id='word_1_132' title='bbox 971 2744 1012 2806; x_wconf 88' lang='lat' dir='ltr'><strong>ad</strong></span> <span class='ocrx_word' id='word_1_133' title='bbox 1042 2744 1186 2811; x_wconf 89' lang='lat' dir='ltr'><strong>inutilem</strong></span> 
     </span>
     <span class='ocr_line' id='line_1_20' title="bbox 156 2841 1188 2929; baseline -0.002 -18"><span class='ocrx_word' id='word_1_134' title='bbox 156 2841 395 2929; x_wconf 66' lang='lat' dir='ltr'><strong>loquacitatem,</strong></span> <span class='ocrx_word' id='word_1_135' title='bbox 441 2861 545 2905; x_wconf 91' lang='lat' dir='ltr'><strong>meras</strong></span> <span class='ocrx_word' id='word_1_136' title='bbox 580 2862 701 2924; x_wconf 82' lang='lat' dir='ltr'><strong>nugas,</strong></span> <span class='ocrx_word' id='word_1_137' title='bbox 743 2843 840 2907; x_wconf 87' lang='lat' dir='ltr'><strong>aniles</strong></span> <span class='ocrx_word' id='word_1_138' title='bbox 869 2842 1021 2923; x_wconf 86' lang='lat' dir='ltr'><strong>ineptias,</strong></span> <span class='ocrx_word' id='word_1_139' title='bbox 1063 2846 1188 2910; x_wconf 84' lang='lat' dir='ltr'><strong>recidit.</strong></span> 
     </span>
     <span class='ocr_line' id='line_1_21' title="bbox 158 2941 1186 3030; baseline 0.002 -21"><span class='ocrx_word' id='word_1_140' title='bbox 158 2943 271 3010; x_wconf 83' lang='lat' dir='ltr'><strong>Latius</strong></span> <span class='ocrx_word' id='word_1_141' title='bbox 284 2942 349 3023; x_wconf 83' lang='lat' dir='ltr'><strong>jam</strong></span> <span class='ocrx_word' id='word_1_142' title='bbox 362 2962 500 3024; x_wconf 84' lang='lat' dir='ltr'><strong>evagor,</strong></span> <span class='ocrx_word' id='word_1_143' title='bbox 521 2962 582 3004; x_wconf 89' lang='lat' dir='ltr'><strong>nec</strong></span> <span class='ocrx_word' id='word_1_144' title='bbox 596 2962 654 3006; x_wconf 86' lang='lat' dir='ltr'><strong>vos</strong></span> <span class='ocrx_word' id='word_1_145' title='bbox 665 2941 757 3026; x_wconf 79' lang='lat' dir='ltr'><strong>pigre</strong></span> <span class='ocrx_word' id='word_1_146' title='bbox 772 2942 943 3026; x_wconf 73' lang='lat' dir='ltr'><strong>agnoscitis</strong></span> <span class='ocrx_word' id='word_1_147' title='bbox 956 2945 1186 3030; x_wconf 82' lang='lat' dir='ltr'><strong>Theologistsr,</strong></span> 
     </span>
     <span class='ocr_line' id='line_1_22' title="bbox 158 3040 1191 3127; baseline 0.004 -21"><span class='ocrx_word' id='word_1_148' title='bbox 158 3055 271 3108; x_wconf 79' lang='lat' dir='ltr'><strong>vestre</strong></span> <span class='ocrx_word' id='word_1_149' title='bbox 301 3041 394 3106; x_wconf 84' lang='lat' dir='ltr'><strong>vobis</strong></span> <span class='ocrx_word' id='word_1_150' title='bbox 435 3043 535 3124; x_wconf 87' lang='lat' dir='ltr'><strong>culpae</strong></span> <span class='ocrx_word' id='word_1_151' title='bbox 576 3040 706 3105; x_wconf 87' lang='lat' dir='ltr'><strong>conscii.</strong></span> <span class='ocrx_word' id='word_1_152' title='bbox 764 3043 889 3125; x_wconf 82' lang='lat' dir='ltr'><strong>Quibus</strong></span> <span class='ocrx_word' id='word_1_153' title='bbox 915 3046 1064 3127; x_wconf 82' lang='lat' dir='ltr'><strong>proiecto</strong></span> <span class='ocrx_word' id='word_1_154' title='bbox 1091 3048 1191 3112; x_wconf 81' lang='lat' dir='ltr'><strong>letius</strong></span> 
     </span>
     <span class='ocr_line' id='line_1_23' title="bbox 159 3142 1192 3227; baseline 0.002 -18"><span class='ocrx_word' id='word_1_155' title='bbox 159 3143 237 3209; x_wconf 83' lang='lat' dir='ltr'><strong>nihil</strong></span> <span class='ocrx_word' id='word_1_156' title='bbox 262 3142 406 3218; x_wconf 90' lang='lat' dir='ltr'><strong>ominor,</strong></span> <span class='ocrx_word' id='word_1_157' title='bbox 446 3162 542 3227; x_wconf 88' lang='lat' dir='ltr'><strong>quam</strong></span> <span class='ocrx_word' id='word_1_158' title='bbox 569 3152 605 3204; x_wconf 89' lang='lat' dir='ltr'><strong>ut</strong></span> <span class='ocrx_word' id='word_1_159' title='bbox 629 3162 779 3225; x_wconf 81' lang='lat' dir='ltr'><strong>regnasse</strong></span> <span class='ocrx_word' id='word_1_160' title='bbox 806 3165 865 3208; x_wconf 87' lang='lat' dir='ltr'><strong>vos</strong></span> <span class='ocrx_word' id='word_1_161' title='bbox 894 3145 1016 3210; x_wconf 86' lang='lat' dir='ltr'><strong>dicatis.</strong></span> <span class='ocrx_word' id='word_1_162' title='bbox 1072 3149 1192 3212; x_wconf 87' lang='lat' dir='ltr'><strong>Valent</strong></span> 
     </span>
     <span class='ocr_line' id='line_1_24' title="bbox 159 3241 1189 3328; baseline 0.005 -20"><span class='ocrx_word' id='word_1_163' title='bbox 159 3255 261 3321; x_wconf 78' lang='lat' dir='ltr'><strong>ortes,</strong></span> <span class='ocrx_word' id='word_1_164' title='bbox 293 3242 404 3327; x_wconf 80' lang='lat' dir='ltr'><strong>vigent</strong></span> <span class='ocrx_word' id='word_1_165' title='bbox 420 3243 541 3318; x_wconf 84' lang='lat' dir='ltr'><strong>studia,</strong></span> <span class='ocrx_word' id='word_1_166' title='bbox 566 3242 683 3305; x_wconf 88' lang='lat' dir='ltr'><strong>llorent</strong></span> <span class='ocrx_word' id='word_1_167' title='bbox 701 3241 847 3327; x_wconf 86' lang='lat' dir='ltr'><strong>ingenia,</strong></span> <span class='ocrx_word' id='word_1_168' title='bbox 877 3246 1039 3313; x_wconf 80' lang='lat' dir='ltr'><strong>barbaries</strong></span> <span class='ocrx_word' id='word_1_169' title='bbox 1059 3253 1189 3328; x_wconf 82' lang='lat' dir='ltr'><strong>exrtlat,</strong></span> 
     </span>
     <span class='ocr_line' id='line_1_25' title="bbox 161 3341 1192 3430; baseline 0.005 -22"><span class='ocrx_word' id='word_1_170' title='bbox 161 3343 379 3408; x_wconf 89' lang='lat' dir='ltr'><strong>doctissimum</strong></span> <span class='ocrx_word' id='word_1_171' title='bbox 410 3341 601 3406; x_wconf 83' lang='lat' dir='ltr'><strong>Pontificem</strong></span> <span class='ocrx_word' id='word_1_172' title='bbox 633 3355 745 3407; x_wconf 84' lang='lat' dir='ltr'><strong>vestrae</strong></span> <span class='ocrx_word' id='word_1_173' title='bbox 774 3345 864 3430; x_wconf 84' lang='lat' dir='ltr'><strong>piget</strong></span> <span class='ocrx_word' id='word_1_174' title='bbox 896 3348 1086 3414; x_wconf 77' lang='lat' dir='ltr'><strong>stoliditatis.</strong></span> <span class='ocrx_word' id='word_1_175' title='bbox 1137 3355 1192 3417; x_wconf 80' lang='lat' dir='ltr'><strong>An</strong></span> 
     </span>
     <span class='ocr_line' id='line_1_26' title="bbox 163 3439 1193 3527; baseline 0.003 -23"><span class='ocrx_word' id='word_1_176' title='bbox 163 3444 335 3526; x_wconf 86' lang='lat' dir='ltr'><strong>quiequam</strong></span> <span class='ocrx_word' id='word_1_177' title='bbox 358 3443 441 3503; x_wconf 88' lang='lat' dir='ltr'><strong>ultra</strong></span> <span class='ocrx_word' id='word_1_178' title='bbox 465 3439 640 3518; x_wconf 76' lang='lat' dir='ltr'><strong>audebitis,</strong></span> <span class='ocrx_word' id='word_1_179' title='bbox 682 3443 799 3527; x_wconf 83' lang='lat' dir='ltr'><strong>quibus</strong></span> <span class='ocrx_word' id='word_1_180' title='bbox 830 3456 893 3510; x_wconf 89' lang='lat' dir='ltr'><strong>tam</strong></span> <span class='ocrx_word' id='word_1_181' title='bbox 920 3449 1091 3514; x_wconf 79' lang='lat' dir='ltr'><strong>infeliciter</strong></span> <span class='ocrx_word' id='word_1_182' title='bbox 1121 3451 1193 3515; x_wconf 74' lang='lat' dir='ltr'><strong>auri</strong></span> 
     </span>
     <span class='ocr_line' id='line_1_27' title="bbox 163 3541 1190 3625; baseline 0.008 -19"><span class='ocrx_word' id='word_1_183' title='bbox 163 3541 291 3606; x_wconf 83' lang='lat' dir='ltr'><strong>Judaiei</strong></span> <span class='ocrx_word' id='word_1_184' title='bbox 310 3541 467 3623; x_wconf 84' lang='lat' dir='ltr'><strong>piscatura</strong></span> <span class='ocrx_word' id='word_1_185' title='bbox 486 3541 604 3605; x_wconf 85' lang='lat' dir='ltr'><strong>cessit?</strong></span> <span class='ocrx_word' id='word_1_186' title='bbox 643 3543 694 3608; x_wconf 89' lang='lat' dir='ltr'><strong>Ne</strong></span> <span class='ocrx_word' id='word_1_187' title='bbox 711 3545 825 3625; x_wconf 84' lang='lat' dir='ltr'><strong>lecito,</strong></span> <span class='ocrx_word' id='word_1_188' title='bbox 857 3550 967 3613; x_wconf 86' lang='lat' dir='ltr'><strong>oculos</strong></span> <span class='ocrx_word' id='word_1_189' title='bbox 992 3550 1087 3613; x_wconf 83' lang='lat' dir='ltr'><strong>babet</strong></span> <span class='ocrx_word' id='word_1_190' title='bbox 1107 3553 1190 3616; x_wconf 90' lang='lat' dir='ltr'><strong>Ger-</strong></span> 
     </span>
     <span class='ocr_line' id='line_1_28' title="bbox 162 3638 1194 3731; baseline 0.011 -28"><span class='ocrx_word' id='word_1_191' title='bbox 162 3638 283 3716; x_wconf 85' lang='lat' dir='ltr'><strong>mania,</strong></span> <span class='ocrx_word' id='word_1_192' title='bbox 328 3639 420 3704; x_wconf 87' lang='lat' dir='ltr'><strong>vobis</strong></span> <span class='ocrx_word' id='word_1_193' title='bbox 453 3643 629 3709; x_wconf 86' lang='lat' dir='ltr'><strong>detractum</strong></span> <span class='ocrx_word' id='word_1_194' title='bbox 659 3647 785 3723; x_wconf 82' lang='lat' dir='ltr'><strong>velum,</strong></span> <span class='ocrx_word' id='word_1_195' title='bbox 823 3648 858 3712; x_wconf 90' lang='lat' dir='ltr'><strong>in</strong></span> <span class='ocrx_word' id='word_1_196' title='bbox 886 3661 996 3731; x_wconf 86' lang='lat' dir='ltr'><strong>aperto</strong></span> <span class='ocrx_word' id='word_1_197' title='bbox 1028 3652 1194 3715; x_wconf 90' lang='lat' dir='ltr'><strong>constituti</strong></span> 
     </span>
     <span class='ocr_line' id='line_1_29' title="bbox 163 3737 1192 3829; baseline 0.014 -30"><span class='ocrx_word' id='word_1_198' title='bbox 163 3737 324 3802; x_wconf 88' lang='lat' dir='ltr'><strong>neminem</strong></span> <span class='ocrx_word' id='word_1_199' title='bbox 354 3740 513 3808; x_wconf 75' lang='lat' dir='ltr'><strong>celabitis.</strong></span> <span class='ocrx_word' id='word_1_200' title='bbox 571 3746 758 3829; x_wconf 85' lang='lat' dir='ltr'><strong>Regnestis,</strong></span> <span class='ocrx_word' id='word_1_201' title='bbox 808 3758 862 3811; x_wconf 87' lang='lat' dir='ltr'><strong>aut</strong></span> <span class='ocrx_word' id='word_1_202' title='bbox 894 3752 976 3814; x_wconf 85' lang='lat' dir='ltr'><strong>malo</strong></span> <span class='ocrx_word' id='word_1_203' title='bbox 1007 3749 1192 3814; x_wconf 70' lang='lat' dir='ltr'><strong>Christianae</strong></span> 
     </span>
     <span class='ocr_line' id='line_1_30' title="bbox 166 3837 1195 3932; baseline 0.013 -30"><span class='ocrx_word' id='word_1_204' title='bbox 166 3837 347 3920; x_wconf 79' lang='lat' dir='ltr'><strong>reipublice</strong></span> <span class='ocrx_word' id='word_1_205' title='bbox 371 3841 459 3919; x_wconf 82' lang='lat' dir='ltr'><strong>lato,</strong></span> <span class='ocrx_word' id='word_1_206' title='bbox 480 3855 535 3908; x_wconf 90' lang='lat' dir='ltr'><strong>aut</strong></span> <span class='ocrx_word' id='word_1_207' title='bbox 554 3867 684 3923; x_wconf 88' lang='lat' dir='ltr'><strong>eorum,</strong></span> <span class='ocrx_word' id='word_1_208' title='bbox 710 3846 767 3930; x_wconf 87' lang='lat' dir='ltr'><strong>qui</strong></span> <span class='ocrx_word' id='word_1_209' title='bbox 786 3868 845 3911; x_wconf 85' lang='lat' dir='ltr'><strong>vos</strong></span> <span class='ocrx_word' id='word_1_210' title='bbox 866 3844 951 3932; x_wconf 84' lang='lat' dir='ltr'><strong>passi</strong></span> <span class='ocrx_word' id='word_1_211' title='bbox 970 3863 1044 3915; x_wconf 86' lang='lat' dir='ltr'><strong>sunt</strong></span> <span class='ocrx_word' id='word_1_212' title='bbox 1064 3853 1195 3915; x_wconf 88' lang='lat' dir='ltr'><strong>scelere.</strong></span> 
     </span>
     <span class='ocr_line' id='line_1_31' title="bbox 169 3938 1195 4034; baseline 0.013 -32"><span class='ocrx_word' id='word_1_213' title='bbox 169 3938 250 4022; x_wconf 80' lang='lat' dir='ltr'><strong>Quis</strong></span> <span class='ocrx_word' id='word_1_214' title='bbox 277 3942 361 4004; x_wconf 85' lang='lat' dir='ltr'><strong>enim</strong></span> <span class='ocrx_word' id='word_1_215' title='bbox 388 3964 447 4024; x_wconf 84' lang='lat' dir='ltr'><strong>per</strong></span> <span class='ocrx_word' id='word_1_216' title='bbox 471 3943 560 4008; x_wconf 86' lang='lat' dir='ltr'><strong>Deos</strong></span> <span class='ocrx_word' id='word_1_217' title='bbox 580 3943 769 4012; x_wconf 78' lang='lat' dir='ltr'><strong>inmortales</strong></span> <span class='ocrx_word' id='word_1_218' title='bbox 789 3960 851 4011; x_wconf 88' lang='lat' dir='ltr'><strong>tam</strong></span> <span class='ocrx_word' id='word_1_219' title='bbox 872 3949 1002 4034; x_wconf 85' lang='lat' dir='ltr'><strong>iniquus</strong></span> <span class='ocrx_word' id='word_1_220' title='bbox 1022 3952 1195 4030; x_wconf 81' lang='lat' dir='ltr'><strong>Pontifex,</strong></span> 
     </span>
    </p>
   </div>
   <div class='ocr_carea' id='block_1_3' title="bbox 169 4041 1201 4433">
    <p class='ocr_par' dir='ltr' id='par_1_3' title="bbox 169 4041 1201 4433">
     <span class='ocr_line' id='line_1_32' title="bbox 170 4041 1198 4137; baseline 0.016 -35"><span class='ocrx_word' id='word_1_221' title='bbox 170 4041 228 4124; x_wconf 86' lang='lat' dir='ltr'><strong>qui</strong></span> <span class='ocrx_word' id='word_1_222' title='bbox 247 4041 340 4106; x_wconf 90' lang='lat' dir='ltr'><strong>nobis</strong></span> <span class='ocrx_word' id='word_1_223' title='bbox 367 4041 488 4123; x_wconf 73' lang='lat' dir='ltr'><strong>primm</strong></span> <span class='ocrx_word' id='word_1_224' title='bbox 510 4045 573 4108; x_wconf 89' lang='lat' dir='ltr'><strong>hoe</strong></span> <span class='ocrx_word' id='word_1_225' title='bbox 597 4044 710 4129; x_wconf 83' lang='lat' dir='ltr'><strong>jugum</strong></span> <span class='ocrx_word' id='word_1_226' title='bbox 729 4046 940 4131; x_wconf 80' lang='lat' dir='ltr'><strong>imponebat?</strong></span> <span class='ocrx_word' id='word_1_227' title='bbox 977 4053 1044 4116; x_wconf 82' lang='lat' dir='ltr'><strong>Aut</strong></span> <span class='ocrx_word' id='word_1_228' title='bbox 1063 4052 1134 4137; x_wconf 88' lang='lat' dir='ltr'><strong>quis</strong></span> <span class='ocrx_word' id='word_1_229' title='bbox 1153 4054 1198 4118; x_wconf 85' lang='lat' dir='ltr'><strong>ita</strong></span> 
     </span>
     <span class='ocr_line' id='line_1_33' title="bbox 169 4138 1198 4234; baseline 0.018 -35"><span class='ocrx_word' id='word_1_230' title='bbox 169 4138 306 4222; x_wconf 82' lang='lat' dir='ltr'><strong>ignavus</strong></span> <span class='ocrx_word' id='word_1_231' title='bbox 353 4143 440 4207; x_wconf 90' lang='lat' dir='ltr'><strong>orbis</strong></span> <span class='ocrx_word' id='word_1_232' title='bbox 482 4156 572 4207; x_wconf 85' lang='lat' dir='ltr'><strong>terrae</strong></span> <span class='ocrx_word' id='word_1_233' title='bbox 606 4145 803 4228; x_wconf 82' lang='lat' dir='ltr'><strong>Imperator,</strong></span> <span class='ocrx_word' id='word_1_234' title='bbox 849 4149 907 4234; x_wconf 88' lang='lat' dir='ltr'><strong>qui</strong></span> <span class='ocrx_word' id='word_1_235' title='bbox 951 4150 998 4215; x_wconf 89' lang='lat' dir='ltr'><strong>sic</strong></span> <span class='ocrx_word' id='word_1_236' title='bbox 1031 4153 1198 4218; x_wconf 78' lang='lat' dir='ltr'><strong>manifeste</strong></span> 
     </span>
     <span class='ocr_line' id='line_1_34' title="bbox 170 4231 1201 4330; baseline 0.016 -26"><span class='ocrx_word' id='word_1_237' title='bbox 170 4253 311 4305; x_wconf 88' lang='lat' dir='ltr'><strong>nostram</strong></span> <span class='ocrx_word' id='word_1_238' title='bbox 329 4243 422 4306; x_wconf 90' lang='lat' dir='ltr'><strong>nobis</strong></span> <span class='ocrx_word' id='word_1_239' title='bbox 446 4244 622 4309; x_wconf 84' lang='lat' dir='ltr'><strong>libertatem</strong></span> <span class='ocrx_word' id='word_1_240' title='bbox 647 4231 728 4330; x_wconf 80' lang='lat' dir='ltr'><strong>eripi</strong></span> <span class='ocrx_word' id='word_1_241' title='bbox 756 4249 902 4315; x_wconf 87' lang='lat' dir='ltr'><strong>sinebat?</strong></span> <span class='ocrx_word' id='word_1_242' title='bbox 945 4253 1012 4317; x_wconf 86' lang='lat' dir='ltr'><strong>Sed</strong></span> <span class='ocrx_word' id='word_1_243' title='bbox 1039 4266 1125 4318; x_wconf 88' lang='lat' dir='ltr'><strong>recte</strong></span> <span class='ocrx_word' id='word_1_244' title='bbox 1146 4257 1201 4319; x_wconf 83' lang='lat' dir='ltr'><strong>ad-</strong></span> 
     </span>
     <span class='ocr_line' id='line_1_35' title="bbox 170 4345 1201 4433; baseline 0.018 -31"><span class='ocrx_word' id='word_1_245' title='bbox 170 4361 283 4405; x_wconf 79' lang='lat' dir='ltr'><strong>versus</strong></span> <span class='ocrx_word' id='word_1_246' title='bbox 326 4351 518 4422; x_wconf 81' lang='lat' dir='ltr'><strong>Capnioncm</strong></span> <span class='ocrx_word' id='word_1_247' title='bbox 554 4345 771 4414; x_wconf 80' lang='lat' dir='ltr'><strong>insurrexistis</strong></span> <span class='ocrx_word' id='word_1_248' title='bbox 811 4353 873 4417; x_wconf 87' lang='lat' dir='ltr'><strong>boo</strong></span> <span class='ocrx_word' id='word_1_249' title='bbox 910 4365 1063 4433; x_wconf 83' lang='lat' dir='ltr'><strong>tempore.</strong></span> <span class='ocrx_word' id='word_1_250' title='bbox 1121 4357 1201 4421; x_wconf 86' lang='lat' dir='ltr'><strong>Nam</strong></span> 
     </span>
    </p>
   </div>
   <div class='ocr_carea' id='block_1_4' title="bbox 171 4441 1193 4537">
    <p class='ocr_par' dir='ltr' id='par_1_4' title="bbox 171 4441 1193 4537">
     <span class='ocr_line' id='line_1_36' title="bbox 171 4441 1193 4537; baseline 0.02 -34"><span class='ocrx_word' id='word_1_251' title='bbox 171 4441 244 4523; x_wconf 83' lang='lat' dir='ltr'><strong>ejus</strong></span> <span class='ocrx_word' id='word_1_252' title='bbox 257 4441 320 4506; x_wconf 80' lang='lat' dir='ltr'><strong>viri</strong></span> <span class='ocrx_word' id='word_1_253' title='bbox 334 4442 551 4526; x_wconf 84' lang='lat' dir='ltr'><strong>magnitudine</strong></span> <span class='ocrx_word' id='word_1_254' title='bbox 569 4449 837 4533; x_wconf 81' lang='lat' dir='ltr'><strong>perspectissime,</strong></span> <span class='ocrx_word' id='word_1_255' title='bbox 858 4452 1008 4537; x_wconf 73' lang='lat' dir='ltr'><strong>ignorare</strong></span> <span class='ocrx_word' id='word_1_256' title='bbox 1020 4476 1056 4518; x_wconf 89' lang='lat' dir='ltr'><strong>se</strong></span> <span class='ocrx_word' id='word_1_257' title='bbox 1074 4457 1193 4523; x_wconf 87' lang='lat' dir='ltr'><strong>diutius</strong></span> 
     </span>
    </p>
   </div>
   <div class='ocr_carea' id='block_1_5' title="bbox 0 0 1354 5108">
    <p class='ocr_par' dir='ltr' id='par_1_5' title="bbox 0 0 1354 5108">
     <span class='ocr_line' id='line_1_37' title="bbox 0 0 1354 5108; baseline 0 0"><span class='ocrx_word' id='word_1_258' title='bbox 0 0 1354 5108; x_wconf 95' lang='lat' dir='ltr'><strong> </strong></span> 
     </span>
    </p>
   </div>
  </div>
 </body>
</html>
