2810 4722
185 459 188 464 ’
262 457 331 547 llll
501 465 544 539 In
568 397 754 536 Ulricluim
777 461 1028 561 Wirtenberg.

257 654 414 732 invadite,
437 653 530 718 nobis
548 655 711 720 turbarum
731 665 872 718 autorem
890 635 1011 716 dedite!
1050 651 1123 716 Hoc
1138 650 1275 715 'invicem

257 757 414 821 beneficio
430 753 586 840 obstringi
600 757 698 818 lubet.
744 756 820 817 Hoec
839 753 988 834 expiandi
1003 751 1084 816 ratio
1099 741 1168 816 erit.
1206 754 1273 814 Nec

260 859 337 921 illud
358 868 505 933 moveat,
536 857 623 939 quod
641 853 839 918 demetendis
859 854 952 917 robis
970 853 1136 918 consilium
1154 851 1275 916 invenit

256 957 395 1020 callidus.
435 955 607 1039 captiones
625 967 715 1031 sunt,
744 977 813 1038 que
828 953 982 1016 beneficia
995 965 1099 1016 coeat.
1137 953 1275 1016 Reducit

256 1058 342 1120 enim
366 1057 485 1118 exules.
531 1057 575 1118 At
601 1075 658 1117 cur
688 1052 976 1116 exterminaverat?
1015 1052 1135 1116 Reddit
1158 1053 1273 1126 ablata3

146 1177 158 1200 κ
256 1163 289 1218 at
311 1176 368 1218 eur
395 1153 587 1217 abstineret?
628 1155 694 1217 Aut
716 1174 773 1218 cur
802 1175 867 1218 non
892 1173 948 1216 eos
975 1175 1107 1238 quoque
1132 1152 1272 1228 reducit,

256 1276 340 1340 quos
362 1253 516 1336 supplicio
536 1255 662 1318 affecit?
701 1256 739 1320 ln
765 1274 903 1340 quorum
925 1273 960 1316 se
983 1254 1137 1338 sanguine
1163 1251 1273 1316 mersit

256 1353 396 1418 nefarius
419 1354 584 1435 parricida.
637 1355 936 1428 duchesnium,
972 1373 1068 1436 quam
1095 1373 1161 1413 non
1192 1351 1271 1415 boni

255 1453 485 1517 consulendum
501 1454 534 1516 in
554 1455 633 1530 isto,
667 1455 755 1538 quod
779 1463 845 1516 non
868 1456 980 1517 volens
1002 1453 1066 1514 brec
1091 1449 1181 1527 lacit,
1213 1451 1271 1515 sed
1381 1511 1392 1525 ,

253 1567 382 1616 coactus
402 1555 564 1618 admittit?
604 1556 700 1617 Novo
727 1552 884 1617 beuelicio
913 1559 1003 1632 relus
1027 1551 1135 1615 odium
1156 1552 1271 1616 restin-

253 1673 353 1736 guere
380 1653 501 1736 nititur.
558 1654 866 1729 Novarclementia,
905 1673 1053 1736 novaque
1085 1653 1269 1716 liberalitate

253 1753 399 1816 altissime
426 1753 622 1816 irradiestodr
647 1753 725 1816 iram
748 1749 908 1835 'extirpare
934 1753 1059 1834 cogitet.
1114 1751 1177 1815 Sed
1201 1769 1270 1812 non

251 1853 526 1928 cetenensium,
557 1855 646 1937 quod
677 1863 803 1916 coactus
828 1853 899 1936 quis
929 1853 1072 1954 confert,
1104 1862 1158 1914 aut
1179 1849 1269 1934 quod

250 1963 429 2034 temporum
445 1956 617 2018 occasione
630 1955 765 2018 metitur.
804 1955 980 2029 Prodesse,
1001 1953 1056 2015 ubi
1074 1951 1187 2014 obesse
1201 1969 1268 2012 non

252 2053 355 2135 possis
385 2065 418 2115 et
446 2056 542 2130 velis,
571 2055 664 2131 dere,
691 2055 747 2118 ubi
773 2053 901 2118 attlcrre
923 2075 997 2117 cum
1016 2053 1094 2116 velis
1110 2069 1265 2136 nequeas,

249 2175 287 2215 es
314 2173 434 2216 summa
466 2155 593 2218 demum
619 2155 724 2231 fraus,
760 2170 880 2217 summa
905 2154 1018 2216 malitia
1046 2165 1101 2215 est.
1150 2153 1265 2234 Neque

249 2273 329 2315 vero
354 2253 479 2317 dedisse
499 2256 670 2339 quicquam
687 2253 858 2318 existimari
876 2253 988 2328 dehet,
1017 2252 1106 2336 quod
1125 2272 1184 2313 vos
1201 2248 1264 2330 jam

247 2349 280 2414 in
308 2353 416 2414 medio
452 2354 609 2433 positum,
647 2356 697 2416 vel
730 2352 844 2416 invito·
862 2353 916 2415 illo
951 2352 1093 2432 accipere
1122 2351 1263 2433 potestis.

247 2449 391 2513 Proinde
416 2462 556 2526 vestros,
588 2472 646 2515 vos
672 2449 757 2517 cives
775 2453 932 2520 reducere
952 2451 1142 2540 abjudigno
1165 2450 1263 2514 exilio

246 2547 398 2629 perdeect
421 2547 566 2632 iniquum
586 2573 665 2614 vero
691 2565 723 2615 et
745 2555 903 2617 crudelem
927 2552 1090 2615 dominum
1115 2551 1262 2616 exturba-

245 2657 328 2721 tum,
374 2648 595 2714 calamitatibus
635 2670 671 2713 ac
700 2649 833 2717 miseriis
870 2671 1044 2734 exponere.
1100 2653 1138 2715 ld
1174 2651 1263 2736 quod

244 2743 424 2811 facillimum
438 2747 530 2811 uobis
545 2763 592 2813 est
608 2753 655 2828 ,m
676 2753 750 2814 Non
765 2753 874 2827 habet,
894 2754 980 2816 unde
994 2754 1116 2816 hereat.
1155 2753 1261 2815 Multo

243 2845 347 2910 minus
369 2860 433 2924 est,
465 2871 530 2934 quo
557 2850 730 2932 confugiet.
775 2852 929 2916 Deserurs
953 2865 1000 2913 est
1027 2854 1066 2915 ab
1096 2853 1260 2928 omnibus,

242 2949 336 3010 etiam
364 2949 487 3022 enticis,
525 2961 557 3011 et
584 2952 777 3014 necessariis.
836 2952 909 3014 Uno
936 2953 1114 3034 eodemque
1140 2953 1259 3033 flagitio

243 3065 368 3108 omnem
404 3046 715 3112 omnium'lavorem
753 3050 851 3116 exuit.
906 3051 1039 3115 Summis
1071 3071 1140 3113 sese
1177 3049 1258 3112 odiis

242 3141 404 3224 obligavit.
441 3145 543 3208 Nemo
562 3148 675 3229 recipit
690 3150 845 3233 hospitio,
866 3175 902 3216 ae
919 3164 1028 3228 tecto,
1040 3171 1132 3214 nuno
1153 3150 1256 3228 aditu,

240 3243 469 3324 congressione
486 3265 600 3325 nemo,
621 3260 675 3312 aut
691 3252 839 3314 convictu
856 3253 986 3336 dignum
1003 3252 1100 3315 ducit.
1135 3251 1257 3316 Omnes

240 3341 476 3421 abominantur,
516 3367 615 3434 seque
647 3363 793 3415 contactu
827 3373 958 3436 quoque
989 3352 1101 3415 foedari
1133 3351 1256 3412 timent.

240 3441 360 3505 Omnes
378 3445 465 3507 velut
481 3445 646 3513 immanem
663 3452 797 3514 belluam
813 3445 881 3528 1ιῆξᾷ),
909 3452 1116 3531 perniciosam
1134 3461 1255 3531 pestem

236 3541 375 3624 fugiunt·
422 3547 519 3627 Quod
544 3551 585 3613 de
610 3552 696 3616 nullo
718 3573 859 3634 unquam
882 3551 1022 3616 auditum
1050 3561 1115 3627 est,
1151 3562 1186 3613 ut
1209 3547 1254 3612 illi

236 3663 302 3704 uno
341 3644 431 3727 qussi
461 3646 598 3725 impetu,
639 3669 705 3710 uno
734 3653 884 3732 temporis
919 3663 1096 3725 momento,
1143 3669 1252 3712 omnes

236 3745 377 3806 omnium
400 3745 549 3810 ordinum
576 3748 720 3813 homines
744 3749 834 3815 simul
864 3750 982 3816 inimici
1007 3754 1130 3818 fierent.
1176 3751 1252 3813 llaec

237 3887 430 3904 w

267 3967 299 4036 ⁸)
315 3981 347 4024 ld
363 3983 427 4038 qued
441 3983 596 4032 facillimum
612 3987 684 4036 aella
699 3997 747 4037 sss.
783 3989 856 4050 Quam
875 3991 921 4038 boc
939 3992 1018 4039 autom
1036 3991 1108 4038 facile
1120 3989 1189 4039 vobis
1208 3989 1245 4038 est

268 4049 315 4119 ⁸⁴)
333 4062 454 4124 susum,
473 4065 580 4114 tasum
