2624 5108
508 464 529 505 ...ἱ
541 500 544 505 ,
589 476 611 503 r'·

522 474 618 561 een„

104 1321 267 1401 Nobili
324 1351 376 1402 sc
434 1326 706 1403 clarissimo
761 1324 872 1405 Viro
920 1324 1117 1406 Ulricho
1202 1329 1205 1335 ’

109 1490 113 1497 -
203 1449 1023 1549 Hutteno,viro-praestantissimo

482 1574 741 1652 Bononiae.

107 1914 209 2014 Salve
235 1944 449 2013 Reuchlinista
479 1949 617 2031 optime!
656 1949 726 2017 cur
752 1949 840 2017 enim
865 1959 933 2020 non
963 1947 1122 2035 optimus,

108 2073 184 2116 cnm
203 2050 441 2116 Reuclrlinists‘l
479 2051 585 2134 arguis
603 2068 654 2115 me
674 2051 865 2130 timiditstis,
899 2064 932 2118 et
948 2066 1036 2118 recte
1055 2053 1126 2136 qui·

108 2153 193 2218 dem.
232 2152 346 2216 Timeo
365 2152 392 2214 si
412 2149 543 2235 quidem
560 2150 682 2234 optimo
700 2152 744 2216 illi
762 2153 855 2231 viro,
873 2174 940 2216 non
959 2154 1049 2239 quod
1067 2150 1128 2217 sim

109 2265 175 2319 tam
195 2251 338 2329 timidus,
360 2252 417 2337 qui
436 2251 549 2316 Martis
567 2243 682 2316 lomim
701 2255 841 2330 satelles,
862 2252 919 2315 sed
938 2251 1015 2335 quia
1032 2253 1128 2334 longa

111 2352 307 2436 experientia
342 2351 523 2430 didicerim,
565 2368 644 2417 auro
681 2353 835 2436 loquente
873 2364 986 2418 cuncte
1025 2350 1129 2415 silere.
1213 2372 1217 2379 ’

113 2453 212 2539 Atqui
232 2463 265 2516 et
288 2463 321 2515 tc
341 2472 473 2536 quoque
496 2451 638 2517 nonnihil
656 2450 768 2517 timere
793 2450 953 2535 intelligo,
986 2450 1129 2537 qtremvit

112 2554 156 2635 ais
175 2553 374 2619 fortissimus.
413 2553 465 2616 Sic
483 2553 568 2616 enim
585 2554 627 2617 de
646 2552 750 2616 venali
768 2552 822 2614 illo
848 2548 959 2616 scribis
976 2550 1129 2643 Decimo,

112 2666 149 2721 ut
164 2655 300 2719 maxime
321 2653 465 2719 dubitare
483 2652 636 2729 videaris,
669 2650 813 2737 wsmvis
840 2664 932 2716 antea
955 2653 1037 2716 bene
1058 2671 1130 2735 spe·

112 2776 185 2820 rare
209 2753 349 2834 jusseris.
398 2755 569 2839 Nunquam
595 2753 680 2821 enim
708 2756 749 2818 ad
774 2752 987 2818 innocentiam
1016 2751 1132 2817 confu-

112 2855 234 2942 gircea,
248 2855 308 2919 nisi
324 2854 405 2919 illem
419 2853 523 2919 minus
533 2854 718 2921 memnon
730 2854 977 2921 subdubitasaes.
1007 2854 1132 2920 verum

113 2978 181 3022 non
202 2956 276 3020 ideo
303 2955 410 3021 virum
435 2954 588 3038 optimum
617 2957 891 3042 derelinquemus,
923 2956 981 3022 sed
1009 2955 1132 3021 cunctis

115 3058 237 3122 viribus
255 3056 298 3120 illi
317 3077 413 3139 opem
430 3057 589 3134 feremus,
620 3056 682 3122 etsi
700 3079 766 3122 non
784 3058 985 3142 ignoramus,
1015 3058 1133 3121 multos

117 3159 178 3224 sub
203 3156 389 3222 innocentie
419 3167 511 3221 scuto
542 3156 685 3240 periisse
730 3167 963 3243 Hoqostrotus,
992 3176 1066 3220 oum
1089 3177 1134 3221 ex

118 3256 254 3341 capitulo
280 3279 339 3340 per
357 3257 597 3342 Nurenbergam
615 3259 676 3326 iter
695 3258 842 3338 lecisset,
870 3257 978 3325 retulit
1002 3254 1134 3342 qmbus-

117 3358 208 3438 dam,
236 3358 393 3424 silentium
420 3360 568 3424 ambobus
592 3361 733 3444 purtibru
759 3357 914 3426 indictum
932 3378 1013 3424 esse.
1050 3356 1135 3423 ldti

15 3518 20 3527 .
116 3462 162 3526 ita
188 3474 287 3537 essct,
320 3460 455 3526 victoria
480 3481 612 3546 quoque
632 3461 802 3535 ,existeret
853 3461 1001 3527 Ostendit
1030 3458 1137 3525 obiter

118 3561 219 3628 breve
237 3573 274 3625 ut
294 3562 467 3645 appellant,
496 3559 715 3644 Apostolicum
729 3606 743 3640 „
767 3584 833 3630 non
857 3573 961 3628 temen
979 3561 1136 3627 informa

119 3661 295 3738 autentico,
315 3681 381 3745 quo
401 3662 714 3728 excommunicantur
733 3674 891 3740 ementes,
910 3663 1085 3728 vendentes
1103 3672 1138 3727 ct

119 3761 261 3848 legentes
300 3759 510 3827 obscenorum
551 3762 695 3828 virorum
734 3760 903 3844 Epistolas.
960 3762 1137 3827 Mutandae

120 3862 229 3949 inque
240 3862 347 3927 titulus
363 3872 395 3926 et
408 3883 469 3946 pro
483 3862 627 3929 obaeurn
639 3871 723 3928 azara·
738 3871 804 3926 esre
820 3872 914 3926 erunt
926 3861 1136 3936 montensi,

122 3975 280 4028 retrursus
299 3963 475 4028 uebrdonea
485 3963 634 4048 pecunias
648 3960 820 4045 dilapidare
835 3975 1002 4048 cogemur.
1040 3961 1138 4024 Plane

122 4063 209 4129 enim
226 4062 366 4128 confessi
385 4075 474 4141 sunt,
494 4064 538 4131 ob
555 4062 654 4128 breve
665 4061 742 4127 illud
757 4064 837 4127 belle
856 4082 934 4125 auro
955 4081 990 4124 se
1010 4079 1139 4141 emunc-

122 4174 175 4229 tos
204 4187 285 4229 esse.
323 4176 542 4250 Hoqostrotns
567 4164 650 4229 enim
675 4165 864 4250 quibusdam
888 4163 954 4228 aliis
974 4182 1046 4228 cum
1065 4182 1140 4227 sero

122 4263 325 4349 applicuisset
347 4286 472 4330 summo
497 4264 574 4330 obiit
597 4286 709 4345 mane,
740 4288 759 4330 a
785 4265 924 4352 quodem
952 4273 988 4329 ut
1012 4260 1141 4329 iruidiaa

123 4377 268 4443 caveret,
294 4365 506 4447 premonitus.
545 4363 668 4433 Verum
685 4385 728 4430 ne
745 4365 791 4432 sic
812 4366 941 4453 quidem
960 4363 1142 4432 Reuchlini·

123 4476 243 4536 mm
260 4466 411 4542 eruisset
428 4482 559 4553 umus,
579 4464 641 4536 tn'si
660 4454 855 4539 Moschionis
873 4470 961 4533 salvo
980 4466 1143 4533 conductu
