2624 5108
621 1297 673 1391 II.

141 1502 444 1581 Exhortatioviri
468 1505 656 1606 cujusdam
674 1501 872 1577 doctissimi
892 1503 939 1575 ad
955 1503 1154 1600 Principes,

215 1664 262 1714 ne
286 1642 323 1714 in
346 1642 513 1716 Decimae
537 1640 814 1740 praestationem
839 1637 1078 1733 consentiant.

556 1850 720 1868 W

142 1997 184 2091 Si
208 2048 347 2115 uuquam
373 2023 547 2104 Germaniae
573 2025 767 2114 principibus
793 2027 979 2110 prudentia,
1011 2026 1153 2103 consilio,

141 2130 377 2214 concordiaque
397 2149 456 2210 pro
475 2128 677 2193 defendendo
703 2129 841 2205 honore,
868 2140 899 2191 et
917 2129 1077 2191 communi
1094 2127 1155 2188 uti·

141 2228 225 2289 litate
245 2249 326 2309 opus
345 2228 422 2307 tuit,
441 2228 584 2294 alemani
604 2248 751 2309 proceres
776 2226 971 2300 electissimi,
1004 2223 1156 2305 imprimis

141 2326 285 2405 indigere
314 2325 389 2394 milri
421 2326 567 2396 videntur
594 2327 655 2390 hoc
678 2339 837 2409 tempore,
870 2346 936 2409 quo
961 2323 994 2386 in
1019 2323 1168 2415 praedam,

142 2425 290 2491 Romanas
306 2420 441 2487 avaritiae
457 2413 663 2508 deputantur,
675 2446 711 2488 ac
720 2427 947 2489 dedecorosam
960 2423 1154 2495 servitutem,

142 2524 182 2586 ita
200 2522 313 2588 blande
335 2524 545 2607 propositam,
566 2528 664 2594 utilia
680 2524 837 2601 homines,
858 2525 946 2607 prius
964 2544 1058 2607 cpiam
1073 2524 1155 2584 intra

140 2623 260 2688 viscera
279 2624 504 2705 penetraverit,
524 2647 596 2690 sese
613 2638 721 2707 captos
740 2646 806 2687 non
820 2624 962 2686 sentiant.
997 2625 1055 2686 Est
1069 2621 1152 2683 euim

140 2726 252 2788 medus
269 2723 396 2789 fallendi
417 2726 496 2786 adeo
516 2726 606 2789 valer
626 2743 657 2787 et
681 2725 727 2788 uis
749 2735 868 2805 ceptus
887 2724 1033 2786 versutiis
1056 2721 1154 2805 (quid

142 2823 224 2887 enirn
238 2844 303 2888 nou
316 2824 475 2907 excogitat
487 2823 653 2901 avaritiat)
665 2836 699 2888 ut
712 2825 892 2888 existiment
903 2823 985 2887 acuti
997 2823 1151 2898 homines,

141 2924 284 2987 fraudem
300 2945 318 2985 a
333 2922 459 2988 nemine
473 2944 567 3005 posse
589 2924 800 3006 deprehendi,
820 2925 990 3007 praesertim
1012 2945 1030 2985 a
1048 2921 1152 2998 robis,

142 3024 314 3086 Germania
334 3022 484 3099 ducibus,
513 3042 595 3106 quos
614 3026 686 3087 cibo
705 3046 829 3106 semper
845 3024 998 3100 refertos,
1025 3035 1058 3085 et
1074 3022 1151 3084 vino

141 3123 282 3194 madidos
302 3122 511 3198 arbitrantur,
526 3135 558 3184 et
576 3124 700 3205 publice
720 3125 902 3187 declamant.
937 3127 979 3186 Et
999 3122 1042 3186 ob
1060 3121 1095 3185 id
1112 3121 1153 3184 ad

142 3220 360 3304 decipiendum
372 3220 501 3305 liberius
516 3224 752 3305 aggrediuntur.
779 3225 988 3288 Praebuerunt
998 3221 1154 3305 praeterita

142 3334 282 3405 tempora
294 3320 453 3382 fallacibus
468 3322 645 3387 hominibus
662 3328 863 3387 constantiam
875 3322 909 3387 in
926 3345 984 3405 spe
996 3322 1153 3404 praesenti.

143 3422 277 3502 Qasaudo
306 3420 390 3482 enim
414 3441 479 3506 non
505 3434 553 3485 est
576 3444 735 3487 assensum
760 3424 884 3487 illorum
908 3425 996 3489 malis
1024 3422 1152 3499 artibus,

143 3541 213 3608 cram
237 3522 343 3584 saltem
369 3518 520 3599 adiuerit,
554 3522 610 3608 qui
632 3526 682 3609 ¹pel
699 3525 903 3589 mediocriter
920 3523 1029 3588 didicit
1046 3521 1153 3587 fraudi

141 3620 249 3683 fucum
267 3619 449 3704 adpingere.
488 3619 620 3684 Constat
634 3624 782 3702 prolecto
796 3627 911 3687 nullam
926 3637 1045 3705 partem
1062 3625 1154 3688 Clari·

142 3719 232 3784 stiani
258 3721 342 3784 orbis
366 3720 404 3782 ab
423 3717 603 3799 hujusmodi
622 3721 840 3804 prodigiorum
860 3744 979 3805 genere
997 3743 1062 3785 non
1082 3745 1153 3790 esse

142 3819 249 3884 cadide
268 3831 428 3897 tentatam,
447 3822 562 3885 multos
580 3840 689 3903 reges,
712 3830 744 3882 et
761 3820 919 3902 principes
936 3823 1154 3889 fraudulenta·

142 3920 302 4001 deceptos.
335 3921 398 3983 Sed
417 3921 539 4004 singula
555 3940 677 4008 mecum
692 3921 849 4002 reputanti
865 3923 1020 3999 occurrit,
1039 3925 1155 3991 niallam

143 4029 268 4101 gentem
287 4019 398 4100 saepius
418 4022 552 4097 illusam,
576 4018 774 4105 habitamque
793 4020 932 4084 ludibrio
945 4042 988 4104 ae
1005 4033 1154 4089 nostram.

143 4120 217 4181 Nou
246 4129 278 4180 te
307 4116 420 4200 inclyta
450 4121 617 4184 Germania
647 4121 687 4182 ad
712 4121 809 4183 libros
836 4122 965 4207 relego,
1004 4133 1041 4187 ut
1066 4137 1154 4208 gesta

143 4217 301 4281 hominum
328 4238 503 4301 cognoscas
530 4218 679 4299 legendo.
723 4218 802 4285 Satis
828 4223 1044 4303 amplarum,
1084 4248 1154 4311 quae

143 4318 291 4380 memoria
321 4316 416 4400 liujus
445 4321 539 4383 aetatis
568 4326 663 4384 tenet.
711 4323 785 4401 Quo
815 4320 914 4403 magis
939 4341 1076 4402 vereor,
1115 4345 1177 4391 ne.

144 4414 263 4479 inscitia
286 4416 437 4498 temporis
462 4417 610 4502 praeteriti
636 4439 813 4483 saroeessum
839 4422 977 4502 praebeat
1002 4428 1084 4489 malo
1106 4427 1156 4489 ia·
