2624 5108
492 845 630 941 'Oratio
659 845 811 937 Quarta.
1101 849 1166 926 1147

151 1036 252 1101 omnia
267 1036 373 1111 aliter,
394 1059 491 1121 (piam
508 1039 591 1113 visa,
616 1051 712 1122 atque
730 1040 836 1102 audita
850 1050 938 1116 sunt,
962 1062 1163 1123 proponere,

147 1139 178 1201 in
194 1160 231 1203 re
247 1139 389 1200 omnium
404 1138 524 1213 oculis,
548 1158 586 1200 ac
603 1140 731 1235 auripns
747 1140 909 1222 exposita,
931 1141 1164 1205 absurdissimas

142 1238 285 1314 fabulas,
305 1234 574 1319 impudentissima
592 1238 754 1302 mendacia
771 1239 976 1304 comminisci.
1015 1244 1058 1304 Et
1072 1264 1164 1306 orsus

143 1351 192 1402 est
206 1360 241 1401 m
249 1340 333 1401 liiinc
342 1336 474 1403 modum
484 1332 703 1402 defensionem
718 1362 816 1404 suam.
854 1343 969 1425 Longa
984 1342 1014 1424 αἱ)
1030 1344 1164 1424 quadam

145 1451 178 1502 et
212 1426 373 1503 incondita
388 1437 587 1520 prefatione
600 1420 720 1516 lacta,
751 1442 801 1519 aa)
843 1463 932 1523 suam
968 1441 1164 1525 equitatem,

143 1561 236 1605 suam
251 1559 346 1601 murm
334 1538 604 1605 moderationem
620 1540 712 1603 vobis
726 1543 942 1615 commendat,
963 1564 1018 1625 qur
1010 1543 1165 1607 concilio

146 1641 344 1722 optimorum
359 1636 516 1714 virorum,
537 1612 574 1701 tic
590 1658 646 1702 sua
663 1641 756 1703 etiam
774 1653 900 1717 natura,
921 1653 952 1704 et
967 1643 1163 1707 humanitatis

142 1738 371 1805 recordatione
401 1737 543 1803 detentus
579 1738 637 1814 sit,
684 1762 750 1825 qno
782 1743 884 1805 minus
919 1754 989 1804 ante
1026 1756 1167 1808 nostram
1205 1754 1212 1768 '

141 1839 396 1914 accusationem,
435 1860 528 1903 suum
558 1839 677 1902 lactum
703 1841 851 1904 omnibus
881 1856 1096 1922 proponeret,
1128 1866 1166 1909 ac

142 1943 260 2024 passim
270 1940 466 2024 divulgaret,
487 1956 550 2024 qna
562 1960 670 2020 poena,
690 1940 780 2025 quod
795 1942 982 2008 maleficium
995 1945 1164 2025 puniverit.

144 2042 277 2119 Interim
289 2062 361 2106 suas
381 2062 515 2125 quoque
534 2042 666 2104 virmtes
686 2040 789 2104 obiter
807 2055 1047 2122 commemorat,
1074 2058 1105 2111 et
1121 2045 1163 2122 is,

142 2142 175 2208 in
194 2162 294 2228 quem
306 2164 347 2203 ne
361 2142 504 2225 suspicio
526 2142 655 2225 (pridem
675 2140 835 2222 pravitatis
853 2146 1040 2222 comenia,
1062 2146 1164 2209 videri

144 2244 248 2327 gestit.
293 2240 454 2321 Injustum
485 2242 577 2305 etiam
611 2240 809 2306 maledictum
836 2243 895 2305 sibi
926 2265 942 2304 a
976 2245 1087 2320 nobis,
1132 2256 1165 2306 et

146 2356 284 2406 nostram
297 2342 529 2407 accusationem
550 2340 696 2423 injtu'iam
719 2353 823 2404 vocat.
861 2342 921 2405 Dic
939 2342 1052 2421 igitur,
1079 2344 1164 2405 bone

148 2443 228 2506 virt·
252 2466 319 2528 que
336 2455 392 2507 tna
418 2455 581 2507 anteacta
605 2442 668 2504 rita
688 2442 759 2504 est?
785 2442 863 2525 quid
882 2442 1050 2517 virtutum,
1085 2442 1165 2526 quid

149 2546 239 2607 bone
269 2542 372 2628 frugis
404 2543 437 2605 in
468 2554 498 2607 te
527 2553 761 2625 perspexerunt
789 2544 950 2618 homines,
989 2543 1073 2606 unde
1098 2554 1165 2605 non

146 2647 260 2709 debeat
274 2638 376 2719 credi,
407 2646 500 2706 talem
524 2660 595 2709 este
613 2654 661 2719 te,
693 2641 793 2725 qualis
818 2644 947 2707 anobis
966 2645 1085 2707 delatus
1107 2645 1164 2707 es?

147 2749 263 2809 Nonne
278 2745 326 2809 sic
352 2744 480 2819 vixisti,
509 2757 545 2806 ut
571 2762 644 2808 cum
668 2753 753 2805 tuam
777 2744 963 2824 pravitatem
982 2746 1022 2808 ad
1042 2756 1165 2825 tempus

145 2848 353 2921 occultasses,
385 2856 417 2906 et
443 2844 508 2926 jam
532 2845 572 2907 ad
596 2854 710 2922 metam
738 2845 938 2908 continentiae
965 2857 1025 2907 tuae
1053 2865 1167 2927 perve-

142 2948 262 3025 nisses,
295 2966 332 3009 ac
360 2954 392 3007 te
420 2943 641 3028 explicandum
661 2942 817 3023 duceres,
843 2964 902 3011 eae
914 2946 1164 3021 commotiones,

143 3068 198 3111 eas
222 3047 331 3111 turbas
357 3045 518 3121 excitasti,
550 3066 619 3127 qua
645 3045 706 3108 nisi
734 3045 977 3110 fortissimorum
1002 3047 1166 3111 hominum

145 3148 263 3211 virtute
272 3157 378 3223 esseut
394 3144 595 3227 compositae,
616 3144 673 3206 toti
686 3145 787 3211 statim
802 3146 993 3221 Gennaniae,
1012 3147 1165 3209 universo

146 3248 297 3330 imperio,
315 3246 454 3321 ruinam,
476 3266 512 3308 ac
530 3245 779 3309 internecionem
799 3243 1022 3308 coniecissent.
1061 3245 1114 3306 Sic
1133 3257 1165 3305 te

144 3346 311 3434 aperuisti.
348 3344 436 3409 'l'alis
456 3342 601 3426 erupisti,
640 3367 682 3409 ex
705 3347 853 3410 diuturna
871 3346 922 3407 illa
948 3354 1001 3407 tua
1020 3341 1165 3406 dissimu-

142 3453 273 3516 latione.
310 3449 348 3511 ln
362 3448 424 3509 hoe
441 3444 609 3508 discrimen
623 3461 734 3510 omnes
750 3467 809 3511 nos
824 3443 1001 3527 conjecisti.
1040 3444 1082 3505 Et
1097 3442 1165 3519 ³³³³)

143 3552 252 3614 dicere
267 3549 380 3624 audes,
407 3547 490 3609 bene
511 3544 631 3608 vixisse
651 3555 703 3620 te,
733 3569 793 3610 nec
817 3547 910 3611 alicui
931 3545 1116 3630 opinionem
1129 3544 1165 3607 in

147 3652 544 3728 tesinistramcompetere.
570 3647 765 3728 Quamtuam
773 3644 998 3727 impudentiam
1009 3694 1017 3724 ‚
1030 3647 1069 3709 ad
1080 3665 1163 3729 quos

144 3755 250 3818 nunus
267 3752 331 3815 hec
351 3750 488 3833 pertinet
506 3746 676 3822 calamitas,
702 3757 737 3808 ut
758 3746 920 3809 ridiculam
939 3754 1163 3817 contemnunt,

143 3855 262 3940 quibus
286 3852 420 3933 propius
451 3848 580 3912 accessit
598 3856 707 3909 noster
727 3844 838 3920 dolor,
868 3846 964 3907 'cruce
992 3858 1024 3908 et
1042 3845 1162 3930 laqueis

143 3956 342 4037 plectendam
362 3961 481 4032 putant.
515 3951 598 4014 Nam
612 3958 664 4024 tu,
684 3966 755 4011 cum
768 3956 799 4006 te
813 3945 934 4009 bonum
945 3944 1049 4007 virum
1065 3946 1162 4018 lacis,

143 4054 279 4141 perinde
297 4066 387 4117 tuum
405 4071 582 4121 sermonem
601 4048 786 4128 accipimus,
813 4065 849 4109 ac
868 4043 895 4107 si
914 4042 998 4105 ‹licas
1008 4085 1017 4118 ‚
1038 4064 1108 4125 quae
1128 4054 1164 4103 tu

141 4160 177 4223 ia
195 4156 371 4241 perniciem
389 4153 546 4235 publicam
564 4148 768 4229 comparasti,
788 4156 819 4209 et
839 4143 956 4228 optima
974 4143 1059 4204 lactu
1079 4160 1161 4215 esse,
1247 4189 1249 4193 ,

142 4270 176 4321 et
194 4258 311 4340 dignos
330 4275 408 4331 nos,
434 4253 490 4338 qui
515 4251 586 4316 talia
610 4249 833 4333 perpetiamur.
872 4244 951 4330 Quis
978 4253 1082 4305 autem
1101 4251 1162 4301 tam

144 4403 340 4424 ο*-

176 4491 208 4560 ’)
222 4500 322 4558 ῑοπμ,
343 4499 421 4554 larsa.
439 4484 487 4546 ”l
500 4493 559 4552 neela
572 4494 646 4540 lecta:
665 4480 973 4549 raquaanetssnntcnen
994 4472 1107 4545 ***)lts.
1126 4486 1157 4529 et.
