2624 5108
138 1335 827 1414 UlrichusHuttenusliberis
852 1333 1151 1412 omnibusne

263 1464 266 1468 ’
421 1500 536 1549 vere
563 1473 813 1551 Germanis
834 1452 898 1583 '85

141 1802 231 1900 Οιηη
267 1836 460 1902 orationem·
478 1833 671 1915 scripsissem
717 1852 856 1919 nuper,
883 1855 946 1919 qna
992 1832 1159 1916 Principes

141 1949 267 2000 nostros
282 1939 322 2005 acl
339 1937 455 1999 bellum
474 1936 588 1997 Tuscis
608 1934 821 1997 invehendum
839 1935 1051 2019 exhortarer,
1073 1954 1160 1999 eam·

142 2056 206 2120 que
236 2056 303 2100 non
332 2038 441 2098 dicere
472 2046 591 2098 tantum
619 2035 652 2097 in
682 2035 754 2112 illo,
792 2034 881 2119 qaod
914 2034 1068 2116 Augusto
1096 2036 1161 2098 tuit

142 2148 246 2200 estate
264 2136 440 2218 superiori,
459 2132 636 2217 principum
655 2154 692 2197 ac
711 2135 822 2217 populi
841 2135 992 2196 Germard
1010 2133 1159 2211 comitio,

142 2239 198 2299 sed
216 2248 248 2297 et
264 2236 386 2320 scriptis
405 2235 538 2300 habitam
553 2237 648 2299 edere
665 2235 922 2318 proposuissem,
942 2251 985 2295 eo
998 2234 1161 2295 conliden-

143 2337 223 2411 tius,
250 2338 339 2418 quod
363 2338 510 2416 putabam
527 2356 579 2399 me
605 2348 728 2419 gramm
746 2337 807 2399 boc
828 2332 993 2397 Gemarn’s
1013 2333 1161 2397 omnibus

143 2435 267 2508 lacere,
288 2446 324 2496 ut
343 2437 446 2519 quiin
467 2458 634 2502 commune
652 2436 867 2507 consulerem,
887 2445 918 2495 et
937 2452 1004 2495 rem
1023 2434 1162 2511 interim,

143 2539 229 2599 nullo
262 2536 391 2620 quidem
421 2557 498 2599 sano
529 2538 679 2611 consilio,
712 2554 824 2596 verum
858 2545 912 2594 aut
944 2532 1164 2599 imbecillitatis

144 2636 240 2711 vitio,
264 2646 319 2697 aut
337 2636 483 2699 adulandi
502 2638 606 2699 studio
625 2639 774 2697 hactenus
802 2635 965 2710 evitatam,
989 2633 1112 2716 primus
1131 2646 1169 2699 et

145 2739 339 2822 aggrederer
357 2747 390 2797 et
408 2756 616 2819 usurparem,
634 2735 733 2818 idque
752 2748 786 2798 et
804 2747 987 2818 opportuno
1007 2747 1164 2817 tempore,
1249 2761 1252 2765 ·

145 2848 177 2899 et
196 2838 280 2900 bona
299 2848 334 2900 ut
351 2856 490 2921 unquam
511 2835 692 2912 occasione,
718 2834 788 2899 lieri
806 2847 882 2900 tunc
904 2848 1027 2918 posset,
1057 2856 1164 2901 acees-

145 2950 254 2999 ssrust
271 2959 322 3000 me
341 2960 382 3000 ex
403 2937 508 3005 amicis
530 2937 672 3020 quidam,
702 2936 826 3000 solliciti
843 2937 889 2999 illi
910 2938 952 3000 de
970 2939 1068 3019 saluto
1087 2956 1165 3019 pros

146 3037 231 3098 lecto
256 3058 342 3113 mea,
373 3049 406 3099 et
434 3050 469 3099 nt
492 3038 581 3100 multi
606 3036 756 3117 putabant
781 3056 862 3101 esse·
880 3049 1040 3117 tempora,
1076 3036 1166 3101 utilia

147 3139 329 3210 suadentes,
352 3138 407 3218 ‹psi
427 3141 630 3201 vehementer
649 3138 688 3198 ab
706 3139 768 3217 hoc
785 3136 929 3200 instituto
950 3137 1164 3214 deterrebant,

146 3236 220 3298 iore
238 3245 400 3316 putantes,
430 3249 465 3299 ut
485 3236 560 3320 qnia
577 3236 683 3300 insunt
702 3237 843 3322 quedam
864 3238 1000 3301 orationi
1020 3237 1098 3318 ipsi,
1130 3234 1166 3301 in

147 3348 259 3400 statum
276 3338 454 3400 Romanum
471 3338 636 3415 liberiora,
666 3359 760 3424 quam
774 3341 874 3402 malus
892 3338 1004 3422 aliquis
1017 3336 1166 3419 pontifex

147 3440 232 3504 serre
252 3438 372 3520 possit,
392 3449 427 3499 ut
447 3438 521 3500 milri
541 3440 716 3522 periculum
733 3440 828 3517 inde,
853 3451 908 3501 aut
930 3451 1052 3502 certum
1070 3436 1166 3501 etism

147 3540 260 3601 malurn
279 3537 453 3617 proveniat.
490 3538 604 3614 Parui,
624 3550 660 3602 ut
678 3551 769 3614 tunc,
793 3537 919 3606 illorum
939 3536 1165 3612 admonitioni,

148 3637 295 3720 precibus
315 3638 406 3701 etiam
425 3637 701 3712 contendentium,
728 3637 850 3720 quique
871 3649 938 3700 erat
956 3638 1052 3700 animi
1072 3640 1167 3705 ardo·

149 3757 216 3802 rem
234 3737 403 3817 restrinxi,
423 3757 460 3799 ac
478 3758 528 3799 me
546 3736 616 3819 ipse
629 3735 781 3799 continui.
819 3736 916 3818 Quod
935 3747 970 3799 ut
989 3758 1072 3819 egre
1089 3735 1167 3811 ieci,

150 3839 192 3901 its
216 3838 301 3902 haud
328 3839 460 3901 multum
486 3838 541 3899 <liu
562 3834 671 3901 ficere
697 3833 799 3917 potui.
845 3833 889 3898 Ut
914 3835 1056 3918 cogitare
1081 3834 1167 3899 enim

149 3938 248 4018 eoepi,
279 3950 399 4022 quanto
428 3937 589 4002 honestius
619 3935 676 4012 sit,
714 3944 994 4018 quantumcunque
1027 3953 1166 4014 praesens

148 4041 231 4100 ultro
265 4037 353 4100 adire
381 4039 567 4114 discrimen,
604 4048 640 4100 ut
667 4035 771 4117 patris
795 4036 917 4118 prosis,
953 4055 1049 4118 quam
1073 4031 1167 4098 saluti

149 4137 284 4222 propriae
314 4142 496 4213 consulere,
538 4139 612 4202 dum
642 4139 720 4200 hanc
750 4137 879 4219 publico
907 4137 1096 4212 commodo,
1133 4145 1166 4200 et

150 4240 287 4301 maximo
313 4238 346 4299 in
373 4258 410 4300 re
437 4236 611 4303 necessaria
636 4236 817 4318 adjumento
847 4237 996 4314 fraudes,
1025 4236 1166 4301 excitari

149 4339 219 4418 ipse
231 4359 299 4415 me,
318 4359 356 4401 ac
368 4338 572 4414 confirmavi,
590 4337 636 4402 bis
651 4337 822 4418 presertim
836 4337 985 4405 consiliis.
1021 4337 1166 4405 Primum

150 4456 287 4528 uanique
306 4441 347 4503 ed
365 4438 549 4520 periculum
573 4438 663 4523 qaod
685 4437 877 4520 poetirrebst,
903 4437 1111 4520 ⁴confidebant
1130 4437 1166 4501 ist
