2624 5108
507 849 634 925 Oratio
660 849 794 924 Tertia.
1089 857 1156 929 127

150 1060 274 1105 sectarer
307 1041 390 1105 inter
414 1043 561 1108 Rhenum
585 1054 617 1105 et
647 1043 753 1107 Albim
787 1044 944 1129 conspici,
985 1044 1028 1108 ob
1057 1046 1155 1131 idque

143 1140 397 1223 potentissimum
424 1154 500 1204 tunc
536 1144 726 1219 exercitum,
767 1143 965 1227 iniquissimo
994 1157 1155 1227 tempore,

141 1241 285 1305 ommium
302 1241 430 1323 inopes,
455 1244 610 1326 aggressi,
640 1244 681 1306 ad
699 1245 938 1308 internicionem
956 1265 1060 1327 usque
1078 1256 1156 1310 cotr-

141 1341 302 1421 cidissent.
337 1338 552 1405 Clarissimum
577 1355 681 1405 tamen
705 1346 833 1420 ducem,
863 1343 1068 1408 fortissimum
1093 1347 1156 1409 lm·

143 1446 323 1522 peratorm'u
337 1455 541 1517 Aminiam,
572 1442 664 1523 eujus
683 1444 799 1523 ductu,⁴
827 1458 859 1510 et
874 1446 905 1522 ⁸)
921 1445 1069 1527 auspiciis
1087 1466 1155 1509 rem

142 1552 261 1605 tamtam
286 1536 471 1639 gessersnpp
499 1564 593 1625 quens
618 1543 767 1608 libertatis
791 1566 855 1608 suae
878 1553 1154 1626 recuperatorem,

142 1641 320 1707 smmis
350 1640 756 1724 sabati-,propugnatorem
784 1644 982 1722 fatebantur,
1020 1666 1157 1730 regnum

139 1730 339 1835 affectantem
367 1764 434 1805 non
461 1746 610 1807 tulerunt.
661 1747 739 1826 Qua
773 1765 845 1808 cum
876 1747 925 1810 his
959 1747 1157 1828 temporibus

141 1866 236 1927 quam
252 1864 320 1908 ιιοιι
338 1844 529 1909 conveniant
556 1846 661 1909 videte
681 1865 751 1907 oro.
789 1844 837 1907 Illi
856 1849 1024 1929 externum
1042 1849 1157 1910 malum

142 1943 237 2009 umis
246 1936 439 2026 expiandum
451 1950 659 2025 putaverunt,
678 1966 738 2009 vos
751 1955 857 2008 natum
868 1964 887 2007 e
898 1932 1006 2010 uestro
1019 1968 1157 2029 corpore

141 2046 246 2109 metus
255 2064 323 2107 non
336 2046 510 2111 eradicatis.
547 2045 595 2109 llli
606 2046 809 2110 clarissimum
819 2047 940 2125 virum,
959 2059 1013 2111 aut
1023 2051 1158 2113 hcroe'm

141 2146 192 2221 “l
223 2144 347 2227 potius,
387 2166 534 2231 areguo
562 2147 733 2211 arcendum
763 2149 943 2226 duxerunt,
979 2172 1039 2213 sos
1072 2151 1158 2214 omui

144 2245 292 2329 spurcitia
319 2247 534 2310 contaminato
557 2247 726 2325 nebrdoni,
760 2250 800 2313 ad
820 2250 1017 2330 tyrannidem
1039 2250 1158 2312 aditum

142 2344 319 2429 operuistis.
371 2351 450 2427 Quae
477 2347 521 2410 illi
551 2359 614 2412 tam
646 2350 801 2429 preclaris
829 2350 925 2412 rebus
959 2348 1073 2431 gestis,
1108 2340 1162 2412 his

146 2446 283 2529 acceptis
303 2448 465 2511 bneficiis
490 2450 534 2511 sic
552 2450 593 2511 de
621 2470 656 2513 se
681 2450 793 2515 merito
816 2448 951 2530 principi
978 2436 1156 2512 concedere

144 2549 329 2625 adunant,
346 2570 406 2612 vos
419 2549 464 2626 ei,
475 2571 493 2613 a
504 2571 570 2634 quo
581 2551 666 2613 omni
675 2551 885 2632 turpitudine,
898 2549 985 2612 omni
997 2549 1156 2613 dedecore

142 2651 469 2727 commistionis,
500 2654 584 2714 ultro
610 2652 670 2731 ipsi
695 2651 826 2714 offertis.
870 2650 957 2731 Quid
979 2650 1063 2713 enim
1089 2670 1157 2713 non

144 2763 307 2832 acceptum
327 2751 421 2814 vobis
440 2753 539 2829 leret,
575 2773 671 2836 quem
694 2751 758 2815 nisi
774 2751 820 2813 sic
840 2750 948 2813 timide
963 2751 1154 2829 mactaretis,

142 2850 268 2915 restitui
304 2874 372 2916 non
405 2865 531 2933 posset,
573 2853 629 2937 qui
664 2874 721 2917 sua
752 2850 944 2915 conscientill
976 2852 1155 2930 dannatus,

140 2964 247 3015 vestm
266 2952 390 3017 desidia
407 2953 593 3029 absolvitur,
622 2974 720 3036 quem
740 2965 827 3016 tanto
846 2952 971 3016 silentio
993 2953 1027 3016 in
1048 2955 1157 3037 legum

141 3072 180 3113 ac
197 3050 277 3132 iuris
289 3052 484 3115 munimenta
501 3053 623 3116 irruere
639 3053 720 3134 passi
741 3052 841 3117 estis?
865 3054 1036 3117 Prestabat
1050 3065 1156 3117 exter·

142 3172 215 3215 nam
247 3151 381 3236 aliquam
408 3153 671 3251 indignitatem
651 3152 748 3217 terre.
798 3151 895 3215 Certe
930 3155 1014 3215 euim
1043 3165 1157 3233 prater

142 3252 301 3366 pudorem
316 3253 356 3316 ad
371 3273 431 3316 nos
450 3253 524 3315 nihil
544 3244 756 3334 pertinuisset.
791 3252 865 3315 Hoc
882 3252 983 3314 scelus
998 3261 1030 3312 et
1044 3252 1156 3331 genui·

141 3372 214 3415 mus
230 3351 307 3435 ipsi,
331 3365 363 3415 et
379 3365 487 3415 nostra
504 3355 612 3433 culpa,
639 3364 746 3418 nostra
761 3350 938 3416 infamiam
958 3370 1157 3414 communem

141 3454 315 3539 perniciem
335 3456 454 3518 abinus.
494 3453 580 3535 Quid
594 3464 690 3516 restat
705 3452 818 3536 igitur,
845 3452 906 3515 nisi
923 3463 960 3514 ut
981 3450 1156 3515 Gemuuise

143 3576 203 3618 nos
223 3554 391 3637 paeniteat,
419 3562 477 3621 sut
499 3555 558 3617 iste
577 3553 720 3629 audacia,
749 3572 808 3616 suo
829 3554 948 3647 scelere
964 3551 1156 3633 trirnnphet?

144 3654 246 3739 Qui
235 3676 270 3719 m
290 3668 377 3721 tanto
396 3657 555 3740 periculo,
587 3666 650 3717 tam
668 3651 799 3736 cognito
825 3671 885 3713 suo
905 3652 1077 3725 maleficio,
1108 3652 1155 3715 bis

142 3754 389 3823 fortissimorum
410 3757 553 3821 virorum
577 3750 702 3836 judiciis
724 3750 948 3813 summeium
969 3752 1053 3829 Μ),
1084 3773 1157 3813 euru

142 3856 300 3922 madium
288 3880 362 3940 Jure
381 3868 436 3920 aut
452 3855 575 3921 ratione
595 3855 715 3918 exitum
735 3848 898 3924 inveniat,
924 3852 992 3913 sola
1008 3852 1156 3932 potentiae

123 3972 209 4019 ¹suas
229 3958 347 4023 liducia
368 3955 638 4041 religiosissimum
664 3956 726 4019 boc
758 3946 927 4014 concilium
957 3948 1156 4031 perfringere

141 4055 323 4121 meditatur.
361 4058 456 4121 Adeo
473 4055 578 4121 οιιιιιὶι
600 4052 786 4128 contemnit,
804 4050 885 4112 adeo
909 4046 1049 4110 omnium
1068 4058 1157 4108 auto-

140 4156 269 4221 ritatem
288 4156 470 4243 despectam
485 4155 598 4233 habet,
626 4156 708 4220 adeo
731 4173 798 4216 non
813 4170 884 4215 esse
901 4148 1005 4212 bonos
1025 4145 1059 4209 in
1075 4147 1177 4246 Ger·¹

140 4302 337 4321 m

175 4384 210 4455 ⁹)
239 4403 284 4457 et,
321 4408 357 4443 ιι.
427 4385 472 4455 ¹⁵¹⁸)
488 4384 558 4440 ’nacla
588 4391 696 4445 heroem:
738 4393 788 4437 lass
813 4391 906 4455 Deam,
940 4383 1155 4445 austrualdus

176 4472 244 4536 Ψ)
254 4474 450 4541 ss'rsassstssss,
468 4476 639 4526 ctscamclusss
