2624 5108
626 79 745 254 ¹
864 139 865 150 l

864 175 865 182 r

518 882 646 957 Oratio
674 882 826 978 Quarta.
1111 890 1178 965 177

151 1072 315 1157 negotium
334 1073 469 1151 fecerit,
500 1074 599 1159 idque
617 1077 752 1161 aliquam
771 1078 858 1141 malis
880 1079 1027 1144 bituriam
1048 1082 1174 1155 afferet,

148 1175 352 1237 credentibus
378 1176 517 1239 laborari
537 1176 570 1239 in
588 1177 800 1257 pessimorum
819 1180 981 1242 bominum
1002 1181 1176 1246 ‹lanutatio-

145 1296 200 1337 ne.
237 1278 394 1338 Extremo
430 1278 494 1339 hoe
521 1276 579 1338 tibi
606 1279 753 1342 solatium
786 1280 920 1361 posuisti
952 1284 1026 1343 loco
1054 1286 1176 1358 scelus,
1214 1350 1219 1357 ,

149 1376 243 1461 quod
261 1396 312 1439 me
338 1379 511 1452 distuleris,
546 1382 635 1462 quod
660 1382 823 1444 bonorum
848 1381 989 1446 oninium
1008 1403 1096 1463 spem
1122 1393 1176 1444 tua
1231 1460 1234 1468 Ι

149 1488 238 1540 tauta
263 1477 392 1541 fortuna
415 1500 600 1561 suspensam
622 1484 775 1548 tenueris.
815 1486 925 1567 Atque
952 1482 1051 1565 igitur
1074 1483 1175 1546 adbuc

148 1578 311 1645 ferociris.
363 1581 449 1663 Quid
475 1581 575 1663 igitur
599 1583 700 1647 (licam
730 1584 892 1666 indignius
918 1582 1037 1646 factum
1064 1583 1153 1663 prius
1165 1629 1174 1659 ,

149 1702 247 1765 quam
267 1682 359 1765 quod
379 1692 413 1745 tu
432 1704 471 1745 eo
492 1706 597 1768 usque
616 1685 812 1767 superfueris
832 1686 862 1759 ¹³³)
883 1705 948 1767 quo
969 1684 1062 1747 nobis
1080 1705 1176 1765 supra

145 1784 280 1845 modum
300 1782 357 1846 abs
379 1794 411 1843 te
430 1785 509 1847 lusis
535 1785 724 1849 contumelia
743 1784 888 1860 insultes,
921 1796 1049 1849 nostros
1067 1786 1173 1848 luctus

146 1882 301 1959 irrideas,
332 1885 413 1947 banc
438 1886 622 1967 tragoediam
650 1882 787 1948 libenter
813 1884 865 1967 agi
890 1884 1011 1949 videas.
1058 1884 1097 1947 ln
1117 1898 1174 1947 tuo

148 1983 295 2064 periculo
316 1984 476 2048 animosus
496 1985 549 2047 sis.
596 1990 681 2050 Ecce
711 1968 835 2063 autem,
872 2008 941 2070 quae
962 1985 1097 2049 hominis
1118 1985 1175 2049 im-

145 2086 302 2167 pudentia
321 2098 376 2149 est.
416 2087 525 2151 Credo
540 2086 680 2168 objicere
693 2087 786 2150 nobis
800 2098 836 2149 ut
848 2088 1042 2150 beneficium
1054 2098 1175 2167 ponat,

148 2189 238 2270 quod
264 2208 332 2250 nrm
355 2190 593 2272 huncquoque
618 2189 839 2263 Ludovicum,
878 2188 933 2270 qui
954 2199 1020 2249 tum
1040 2187 1073 2248 in
1091 2186 1174 2249 illius

146 2290 218 2350 arrla
230 2288 364 2351 fratrem
382 2289 584 2369 expectabat,
608 2290 778 2363 occiderit;
798 2289 888 2372 quod
906 2308 971 2348 non
992 2287 1173 2368 Agapetum

146 2389 323 2451 Huttenum
343 2390 525 2451 mactaverit
545 2411 616 2452 eum
636 2390 689 2452 illo
715 2395 788 2452 uni.
840 2389 1025 2467 Omnesque
1044 2395 1172 2447 nostros

151 2486 195 2550 ibi
213 2475 425 2566 necessarios,
453 2512 535 2572 quos
555 2512 626 2553 curn
646 2502 770 2570 posset,
798 2508 863 2549 non
883 2484 1094 2561 interfecerit,
1116 2506 1173 2548 sua

151 2588 341 2671 benignitate
359 2589 470 2651 vivere
488 2589 626 2670 jactabit.
663 2592 717 2655 Dii
734 2603 766 2651 te
781 2589 914 2671 poralant
931 2589 1079 2650 sceleste!
1099 2608 1173 2649 cum

148 2701 201 2751 tua
213 2689 310 2754 isthac
321 2690 535 2774 benignitate,
556 2711 693 2774 cumque
708 2691 769 2754 isto
783 2688 960 2752 beneficio!
982 2690 1172 2769 Quanquam

146 2790 264 2871 peribit
281 2791 355 2854 satis
378 2789 457 2871 jam,
477 2791 539 2853 nisi
557 2811 667 2854 ornnes
687 2809 745 2852 nos
765 2800 919 2870 concepta
938 2786 1016 2869 jam,
1043 2798 1075 2850 et
1093 2808 1171 2850 eon·

144 2894 268 2955 bruma
295 2893 336 2955 (le
361 2904 392 2954 te
418 2890 547 2974 opinio,
588 2891 715 2966 Caesar,
744 2893 839 2954 fallat.
887 2891 954 2952 Aut
979 2887 1040 2950 uisi
1066 2909 1104 2951 ea
1122 2898 1171 2949 est

141 2990 240 3073 buius
256 2992 404 3067 fortuna,
435 3003 471 3053 ut
489 3014 561 3054 cum
579 2992 791 3069 malefecerit,
815 3004 846 3055 et
865 2990 1053 3055 maleficium
1071 2990 1169 3053 fatea·
1191 3044 1194 3053 r

144 3102 220 3168 tur,
240 3112 277 3155 ae
296 3095 381 3155 ultro
400 3091 515 3155 fecisse
534 3091 648 3168 jactet,
670 3094 826 3155 evadendi
844 3104 949 3155 tamen
963 3092 1065 3154 adhue
1084 3090 1168 3154 viam

144 3191 298 3256 inveniat.
332 3192 377 3255 At
396 3194 476 3253 banc
495 3212 558 3274 ego
578 3203 715 3272 pestem,
738 3193 907 3267 Germani,
930 3193 1010 3253 hauc
1030 3191 1167 3253 nominis

144 3294 251 3357 nostri
268 3292 383 3367 labem,
407 3293 501 3354 etiam
519 3292 545 3352 si
565 3294 604 3354 ml
623 3293 748 3356 veniam
766 3291 979 3375 confugisset,
1007 3289 1168 3369 extirpan-

143 3395 219 3458 dam
238 3404 390 3474 putarem.
430 3395 523 3454 Nune
542 3412 613 3453 eum
632 3394 730 3468 liber,
751 3405 783 3455 et
801 3391 996 3466 obstinatus,
1016 3389 1050 3451 in
1070 3391 1167 3451 vehe-

141 3493 243 3557 menti
253 3496 408 3557 scelerum
423 3514 555 3555 suorum
568 3514 649 3575 gyro
665 3493 757 3555 uobis
773 3493 919 3568 insultet,
946 3491 1025 3575 quid
1043 3488 1168 3553 dicam?

145 3608 202 3659 aut
231 3596 309 3679 quid
337 3594 493 3658 accusabo
517 3593 680 3675 primum?
721 3594 797 3654 Heu
828 3614 924 3675 quum
949 3590 1167 3674 intempestive

145 3696 211 3758 boc
230 3694 360 3759 babetur
379 3695 551 3777 judicium!
590 3697 692 3772 Onam
715 3692 803 3754 tarde
823 3693 863 3753 erl
882 3691 1068 3754 innocentiae
1091 3712 1167 3771 pro-

142 3796 391 3881 pugnationem,
411 3796 566 3857 scelerum
584 3793 752 3854 vindictam
768 3810 953 3872 processum
972 3795 1036 3853 est!
1059 3793 1166 3874 Quare

142 3898 229 3961 enim
247 3918 315 3960 non
330 3908 403 3959 ente
417 3918 512 3980 quem
522 3897 586 3957 brec
598 3894 766 3976 loquerer,
786 3889 845 3953 ista
860 3908 955 3970 quam
971 3901 1164 3971 extorqueo,

141 4000 205 4061 tau
231 3997 383 4063 sententia
414 3997 486 4060 est?
527 3998 606 4058 Nam
640 3994 667 4056 si
692 3993 745 4054 vet
777 3990 896 4051 nullum
929 3988 1014 4049 aliud
1043 3986 1166 4049 facinus

141 4098 343 4175 admisisses,
383 4118 491 4160 uonue
516 4098 578 4159 boc
605 4094 773 4158 ferendum
798 4112 865 4154 non
889 4099 972 4161 eru,
1011 4087 1101 4170 quod
1131 4096 1165 4147 tu

141 4202 266 4285 primus
278 4210 424 4282 repertus
438 4219 492 4274 es,
520 4196 576 4279 qui
593 4193 792 4258 Germaniam
807 4188 971 4254 Germanis
984 4185 1166 4248 venderes?

142 4306 239 4384 Quos
257 4300 342 4365 enim
358 4299 445 4363 cives
468 4309 540 4361 tuos
564 4297 598 4360 iu
622 4295 752 4363 exilium
773 4293 827 4358 abs
851 4303 884 4354 te
907 4289 1045 4372 ejectos,
1074 4296 1166 4371 pacta

177 4535 208 4597 ⁴)
225 4544 397 4600 superfueris,
416 4536 560 4600 superfuisti.

173 4662 243 4707 llutt„
261 4661 305 4720 Op.
323 4662 351 4708 Τ.
368 4661 398 4708 Η.
