2624 5108
348 398 352 407 1
479 396 483 401 .

906 426 912 437 i

113 1203 389 1298 Pasquillus
414 1204 691 1293 Marranus,
719 1203 851 1294 exul,
877 1203 1136 1296 Romanus,

210 1341 448 1413 Marlorio
487 1343 722 1430 Romano,
766 1341 1005 1435 quondum
1048 1343 1140 1416 col·
1195 1328 1199 1343 ¹

211 1478 461 1578 legaesu0,
489 1480 532 1553 ¹S.

113 1823 201 1917 Satis
222 1856 371 1929 teneredo
392 1855 532 1918 lllarlori
552 1877 594 1916 ex
616 1853 705 1934 Cyro
725 1854 885 1918 communi
906 1853 1008 1917 amico
1029 1865 1141 1919 nostro

112 1955 323 2030 intellexisse,
344 1978 443 2038 quare
458 1958 549 2019 dulce
567 1956 672 2035 patriae
686 1968 801 2020 nostre
820 1960 924 2017 solum
943 1955 1140 2037 relinquens,

114 2057 189 2118 exul
214 2055 335 2131 lactus,
377 2056 410 2117 in
439 2056 623 2136 Hispaniam
651 2056 802 2137 primum,
838 2059 954 2145 deiude
983 2060 1016 2121 in
1042 2059 1142 2123 variae

113 2156 258 2219 nationes
283 2156 523 2221 oberraverim:
561 2180 688 2235 verum,
721 2157 776 2221 ubi
803 2180 871 2219 non
894 2157 977 2219 benc
1004 2155 1144 2219 audieris

115 2278 222 2319 causas
240 2257 311 2323 ,mci
340 2257 514 2330 discessus,
551 2257 693 2319 breviter
721 2268 845 2337 repeto.
896 2256 993 2336 Quod
1023 2255 1143 2317 scilicet

115 2356 329 2445 duodenarius
352 2355 567 2419 Cardinalium
586 2379 751 2432 numerus,
779 2355 905 2417 minima
927 2355 1022 2418 etiam
1040 2374 1145 2417 sacer-

115 2456 202 2518 dotia
218 2457 472 2539 deglubautium,
493 2457 527 2518 in
545 2457 733 2519 immensum
747 2456 942 2531 excreverit,
964 2454 1146 2537 crescitque

115 2554 250 2618 indies.
290 2560 331 2619 Et
357 2559 445 2640 quod
470 2579 530 2637 pro
551 2557 685 2621 edificio
710 2557 818 2637 templi
837 2556 905 2618 divi
922 2556 1028 2633 Petri,
1057 2565 1145 2616 totus

114 2655 183 2719 fere
210 2656 406 2719 Christianus
434 2658 519 2720 orbis
542 2656 811 2737 indulgentiarum
840 2658 942 2719 mulso
974 2657 1146 2718 exhaustus

115 2769 172 2819 est.
213 2757 344 2833 Tertio,
371 2758 460 2841 quod
476 2755 724 2819 dulcissimailla
748 2768 779 2817 et
802 2759 976 2840 gratissima
996 2755 1147 2819 Pontifici

115 2859 243 2941 triginta
265 2857 480 2922 Cerdiualium
497 2858 633 2932 creati0,
667 2879 709 2918 ex
730 2857 795 2940 qua
813 2859 986 2941 pingente
1013 2859 1147 2920 ducato·
1240 2845 1256 2859 ⁴

116 2980 187 3021 rum
204 2958 299 3020 millia
323 2962 457 3022 conflate
478 2970 574 3034 sunt,
596 2958 801 3021 Franciscum
822 2961 1005 3023 Urbinatem
1027 2981 1045 3022 e
1069 2958 1147 3022 sede

116 3057 218 3118 ducali
247 3059 433 3138 propulerit.
492 3061 534 3121 Et
561 3059 704 3133 demum,
746 3072 931 3122 anuatarum
962 3058 1147 3141 frequentia

117 3167 228 3218 contra
242 3157 365 3218 'l‘urcas
380 3158 517 3239 primum
530 3160 727 3241 excogitata,
748 3158 813 3239 jam
830 3181 909 3222 vero
929 3158 962 3222 in
979 3159 1147 3241 proprium

115 3259 239 3320 lucrum
251 3277 359 3331 versa,
379 3279 431 3319 me
449 3257 526 3320 item
545 3263 670 3322 exulem
689 3261 812 3342 coegit,
834 3272 930 3342 prout
950 3262 991 3323 de
1012 3259 1146 3343 siugulis
1248 3343 1252 3349 Ι

115 3359 207 3443 latius
233 3358 321 3437 Cyro
348 3370 459 3420 nostro
487 3359 633 3439 exposui.
679 3363 803 3424 Verum
828 3384 895 3424 non
919 3362 1023 3424 minus
1047 3361 1146 3425 video
1173 3380 1175 3385 ⁴

97 3470 148 3521 ,te
172 3458 408 3522 severissimum
429 3457 614 3535 hujusmodi
640 3462 889 3525 Romanensinm
911 3463 1147 3526 traditiuncula·
1184 3460 1189 3479 '

116 3547 395 3634 rum-cernerem,
437 3561 526 3641 qnod
560 3563 611 3619 vel
643 3561 777 3639 epistole
810 3575 864 3623 tua
896 3565 935 3625 ad
969 3563 1146 3627 Germania

116 3660 297 3743 Principes,
318 3680 422 3740 nuper
439 3659 473 3721 in
488 3660 686 3741 Augusteusi
702 3673 864 3729 conventu
880 3666 1030 3725 collectos
1049 3664 1145 3738 edita,
1181 3678 1184 3683 ’

116 3762 210 3827 facile
229 3763 353 3844 probat.
399 3761 546 3844 Oquem
570 3760 653 3821 lidus
679 3778 729 3833 es,
758 3760 914 3838 Mar-lori,
949 3765 1146 3827 Germanice

117 3863 254 3928 nationis
280 3865 472 3944 persuasor!
514 3859 625 3923 Edidit
653 3858 686 3920 in
716 3862 819 3921 lucem
847 3872 879 3920 et
907 3861 1011 3940 Cyrus
1035 3875 1146 3924 noster

119 3963 264 4044 ejusdem
276 3963 379 4047 gentis
394 3961 596 4047 gravamina,
616 3962 803 4040 opusculum
819 3960 900 4023 scitu
917 3962 1066 4043 dignum,
1087 3963 1147 4027 sed
1161 4034 1164 4043 Ι

120 4065 261 4128 omnium
289 4086 357 4147 qnae
383 4066 446 4126 huc
473 4064 632 4144 pertinent
650 4062 779 4123 unicum
805 4084 938 4143 scopum
964 4063 1146 4129 strenuissi-

120 4166 254 4229 mus·ille
266 4172 413 4244 febrium
430 4173 594 4243 satyricus
611 4164 661 4238 l),
679 4173 867 4242 exporrecta
880 4161 989 4227 fronte
1000 4166 1143 4253 attingite
1236 4204 1240 4213 ·

154 4393 185 4463 ⁴)
202 4398 368 4451 Huttenus.
