2624 5108
633 85 751 260 Ι
870 147 871 156 i

870 185 871 194 t

184 313 187 316 ,
250 305 260 314 ,.

509 892 639 965 Oratio
665 892 818 984 Quarta.
1106 901 1172 973 165

149 1082 260 1145 modus
276 1095 336 1147 est.
374 1084 455 1147 Nam
476 1085 566 1168 qraod
584 1084 617 1147 in
639 1086 692 1148 illo
712 1085 831 1161 doluit,
859 1088 1012 1153 caducum
1032 1092 1109 1167 luit,
1140 1103 1172 1152 et

146 1182 237 1265 qnod
254 1184 295 1245 ad
311 1194 436 1264 tempus
452 1196 545 1248 esset.
589 1185 627 1247 ln
643 1196 673 1247 te
692 1206 770 1248 vcro
791 1189 881 1269 quod
895 1190 1009 1251 morbo
1027 1202 1170 1267 tenetur,

144 1293 300 1344 aeternum
325 1297 388 1359 est,
426 1297 458 1345 et
484 1285 746 1367 inextinguibile,
784 1310 948 1372 nunquam
976 1291 1170 1369 periturum,

145 1404 312 1465 uunquam
321 1385 447 1461 dolere,
468 1398 521 1447 aut
540 1387 684 1469 torqueri
701 1388 859 1452 desinent.
897 1390 962 1452 Fae
984 1389 1081 1473 igitur
1104 1412 1171 1453 rem

146 1483 241 1546 nobis
259 1484 428 1567 ingratam,
459 1486 606 1548 omuibus
631 1488 835 1564 invidiosam
865 1490 968 1572 ipsum
992 1502 1023 1551 te
1044 1489 1169 1574 jugula!

147 1582 329 1663 suspende!
368 1585 557 1667 precipitem
586 1588 649 1681 (1.πέι
679 1611 746 1652 uon
771 1591 955 1673 adsequeris
982 1604 1103 1668 tamen,
1135 1604 1172 1656 ut

145 1684 305 1747 cruciatui
322 1686 393 1749 finis
411 1687 459 1749 sit.
498 1690 588 1770 Ergo
604 1686 701 1771 igitur
714 1694 827 1767 semel,
847 1713 907 1755 nec
923 1693 1094 1757 admodum
1115 1692 1171 1755 diu

143 1786 241 1849 miser
263 1785 315 1849 ille
337 1786 416 1863 tuit,
446 1810 629 1871 quanquam
644 1812 685 1853 ue
708 1792 804 1854 miser
826 1792 973 1875 quidem,
995 1805 1029 1855 tu
1047 1810 1173 1875 semper

144 1886 226 1962 cris,
257 1906 318 1949 nec
340 1899 375 1949 ut
396 1888 529 1951 miseria
550 1891 701 1954 terminus
721 1892 778 1968 sit,
813 1892 883 1955 fieri
903 1905 1017 1973 potest.
1062 1895 1170 1957 lucor-

144 1985 294 2067 ruptibile
320 2000 367 2051 est
393 1990 495 2064 enim,
528 2012 587 2052 nec
617 2012 757 2075 tanquam
783 2006 1003 2070 consumetur,
1031 2016 1172 2078 uuquam

142 2089 185 2149 de
206 2110 243 2152 se
258 2087 488 2164 immutabitur,
518 2093 606 2174 qnod
623 2105 742 2167 tecum,
765 2114 831 2177 quo
854 2095 952 2179 magis
971 2095 1084 2157 dolore
1103 2115 1172 2159 can

142 2190 247 2271 pitur,
279 2210 320 2252 eo
346 2190 478 2259 uberius
506 2194 671 2254 excrescit.
716 2195 913 2279 Semperque
929 2195 960 2271 ⁴¹)
980 2193 1172 2281 augentibus¹

143 2313 178 2353 se
198 2289 317 2371 paenis,
344 2293 490 2354 materies
510 2305 568 2355 est.
608 2293 738 2373 Semper
757 2306 815 2357 tuo
833 2290 989 2374 supplicio
1006 2278 1079 2355 satis
1095 2292 1170 2356 eris.

147 2393 308 2472 Quorsum
321 2391 425 2475 igitur
443 2393 552 2455 attinet
572 2395 652 2469 hoc,
686 2397 779 2477 quod·
796 2407 870 2456 tuus
895 2394 1004 2455 Romae
1031 2394 1168 2471 legatus,

147 2511 216 2573 quo
235 2489 376 2556 ministro
404 2493 532 2557 insidias
553 2492 629 2557 milri
648 2482 775 2561 molitus
796 2515 847 2569 es,
880 2491 1016 2564 audebat
1040 2491 1168 2566 dicere,

148 2612 256 2653 ornnes
282 2603 314 2655 te
344 2595 505 2657 Huttenos
534 2594 789 2667 interfecturum,
825 2593 852 2654 si
878 2593 936 2653 hac
957 2611 1050 2652 causa
1071 2589 1169 2653 iuter-

143 2692 278 2755 cedente
295 2703 358 2755 tam
375 2706 479 2770 recte,
499 2706 561 2757 tam
578 2693 650 2774 jure
666 2692 792 2773 possis?
814 2694 867 2754 Tu
885 2712 995 2754 omues
1007 2693 1168 2754 Huttenos

142 2791 256 2867 miser,
288 2792 345 2877 qui
370 2815 436 2855 uno
458 2793 625 2857 interiecto
646 2805 708 2857 tam
734 2814 768 2856 es
785 2791 862 2855 nihil
880 2792 998 2866 lactus,
1030 2803 1093 2855 tam
1111 2791 1168 2855 abs

141 2905 173 2957 te
191 2892 390 2968 immutatus,
417 2904 480 2957 tam
498 2893 658 2976 abjectus,
682 2907 744 2957 tarn
759 2894 878 2957 fractus
888 2902 905 2969 ‚t
928 2893 994 2955 imo
1015 2905 1079 2956 tam
1099 2894 1168 2975 ipse

139 2993 358 3057 interiectus?
387 3005 442 3055 aut
457 2995 627 3078 quisquam
649 2996 777 3058 iturine
796 2994 950 3071 cerebro,
981 2994 1049 3055 siue
1070 3016 1167 3058 seusu

142 3105 192 3156 est
212 3094 266 3156 cui
288 3094 339 3171 *Ἴ
366 3114 476 3176 speres
493 3115 736 3175 persuasurum,
763 3095 821 3157 ista
844 3094 899 3155 abs
923 3105 955 3157 te
972 3093 1045 3174 jure
1060 3093 1168 3157 iacta?

143 3196 248 3275 Quam
266 3194 393 3258 obrem
411 3196 521 3258 desine
538 3194 616 3257 istos
638 3194 697 3257 tibi
713 3194 806 3257 lucos
826 3192 962 3266 illinere,
994 3194 1075 3259 hanc
1094 3214 1167 3274 per-

143 3316 256 3358 sonam
273 3297 478 3375 pretendere.
514 3297 634 3358 Notum
652 3307 717 3371 est,
738 3294 816 3379 qnid
835 3305 869 3357 tu
888 3289 1035 3373 patiaris,
1056 3302 1168 3373 etqua

142 3417 256 3471 causa,
292 3418 358 3481 quo
382 3408 440 3458 tuo
466 3396 579 3459 merito
598 3395 736 3477 patiaris.
773 3396 846 3479 Age
863 3403 984 3467 antem,
1020 3411 1116 3475 quam
1136 3402 1167 3453 te

140 3500 202 3561 hoc
224 3496 390 3573 interficit,
419 3496 509 3580 quod
533 3507 605 3576 post
631 3506 722 3556 natos
742 3495 775 3556 iu
800 3496 859 3556 hae
879 3492 981 3577 patriti
1006 3492 1166 3566 homiues,

141 3598 264 3677 primus
277 3609 313 3661 tu
332 3608 480 3677 repertus
498 3618 551 3671 es,
573 3596 627 3679 qui
646 3594 714 3657 sine
732 3594 887 3656 advocato
903 3613 1030 3659 causam
1043 3614 1166 3675 ageres,

144 3708 177 3757 et
198 3707 314 3761 tantam
330 3718 455 3761 causam
477 3717 603 3779 ageres,
636 3706 667 3757 et
683 3693 735 3755 cui
755 3712 821 3752 non
835 3693 934 3755 modo
953 3693 1046 3755 amici
1065 3693 1167 3755 adsint

142 3799 236 3874 nulli,
266 3800 323 3862 aed
343 3819 403 3879 pro
425 3819 490 3881 qno
509 3818 549 3859 ne
566 3795 712 3858 mercede
732 3790 862 3874 quidem
880 3793 1057 3856 conductus
1081 3791 1168 3876 quis·

142 3920 238 3984 quam
269 3900 362 3964 dicat.
427 3899 498 3978 Qua
532 3919 574 3960 ex
613 3918 649 3957 re
687 3911 832 3971 maguam
864 3890 955 3951 nobis
986 3891 1167 3953 felicitatem

141 3998 308 4076 adscribo,
330 3998 448 4084 quibus
467 3996 592 4071 evenit,
613 4007 648 4058 ut
664 3994 698 4057 in
717 4005 748 4057 tc
766 3990 990 4073 persequendo
1010 3991 1168 4051 neminem

141 4100 235 4165 simul
254 4100 324 4163 laedi
352 4110 508 4180 oporteat.
554 4100 646 4171 Uno,
678 4096 857 4175 eodemque
883 4090 1045 4161 facinore,
1078 4097 1169 4150 extra

141 4214 228 4264 tuam
247 4199 451 4281 dignitatem,
487 4211 571 4261 tuam
594 4208 711 4259 sortem
731 4195 870 4277 positus,
906 4188 1058 4277 quicquid
1080 4199 1168 4248 tuum

140 4300 220 4377 luit,
244 4300 400 4386 quiequid
416 4301 473 4364 tibi
488 4298 711 4380 conjunctum,
731 4294 907 4377 perdidisti.
945 4292 984 4354 ln
1000 4308 1167 4351 commuue

178 4532 208 4593 *l
225 4545 343 4598 Semper,
363 4553 463 4598 semper.
499 4542 542 4590 ¹¹⁸)
560 4551 606 4583 ror
624 4551 721 4596 speres:
740 4546 767 4582 eu
785 4534 1002 4593 durchgeslriclreu.
