2624 5108
142 875 189 951 2⁶
303 873 346 951 In
370 872 561 951 interitum
584 872 717 949 Joaun.
744 873 791 947 de
806 874 956 957 ,Hutten

141 1070 256 1130 Moesta
273 1071 380 1129 dolore
397 1074 503 1126 soror!
520 1099 554 1113 -
571 1068 656 1126 Telis
676 1083 710 1123 se
729 1067 834 1124 funere
852 1069 989 1141 planctus

142 1164 245 1222 Movit
263 1165 299 1219 ab
317 1167 470 1221 Hectoreo
489 1173 561 1219 tunc
571 1205 581 1233 ,
601 1180 670 1219 cum
688 1162 869 1217 miserabilis
890 1181 964 1221 auro

143 1258 228 1312 Caesa
247 1258 420 1312 redemisset
436 1256 555 1326 genitor
572 1273 625 1312 sua
643 1257 791 1329 pignora,
812 1258 929 1316 circum

142 1349 228 1405 Orba
246 1353 329 1407 sedet
345 1358 461 1418 mater,
479 1351 564 1405 sedet
581 1351 778 1423 implacabilis
795 1366 895 1420 uxor,

141 1442 181 1500 Et
199 1445 281 1497 nullo
300 1445 448 1514 lacrymas
466 1443 536 1498 lletu
554 1444 707 1499 minuente
727 1461 871 1513 sorores,

140 1536 341 1607 Evelluntque
361 1551 464 1591 comas
473 1576 484 1603 ,
501 1545 641 1593 attonsae
658 1546 782 1608 pectora
802 1538 909 1609 palmis

142 1629 248 1696 Ungue
268 1645 358 1696 genas
378 1628 530 1697 lacerant3
549 1630 648 1685 miseri
666 1630 803 1699 lugubria
823 1632 930 1687 fratres

144 1721 284 1792 Corpora
306 1723 333 1775 in
353 1722 419 1791 igne
437 1722 554 1790 locant,
578 1723 762 1796 flammisque
782 1725 939 1797 rapacibus
957 1733 1049 1782 urunt

143 1818 217 1887 Spes
234 1817 356 1888 patriae,
375 1817 575 1888 Danaumque
593 1825 691 1871 mettis
701 1858 711 1885 ,
729 1817 791 1872 tota
810 1816 886 1874 urbe
904 1827 1027 1887 vagatur

142 1908 279 1977 Maeror,
296 1919 328 1963 ut
347 1910 477 1965 exclusis
496 1910 615 1964 dubites
633 1920 712 1965 stare
731 1910 845 1979 integra
864 1910 965 1981 Grajis

142 2002 306 2072 Pergama,
331 2013 359 2057 et
377 2004 454 2058 intra
472 2004 555 2074 ipsos
574 2018 689 2074 quaeras
706 2015 788 2059 arma
806 2003 903 2060 Attica
922 2020 1039 2062 muros.
1138 1996 1141 2001 ’

144 2096 252 2152 Iliades
271 2098 412 2169 plangunt
428 2104 559 2164 matres,
577 2096 738 2168 patriaeque
756 2101 914 2169 perempto

144 2189 288 2246 Praesidio
308 2191 408 2259 cives,
426 2206 487 2244 uno
506 2205 574 2244 sese
594 2188 694 2244 omnia
712 2189 852 2260 planctu,

143 2284 244 2354 Atque
263 2299 324 2336 uno
346 2283 479 2339 clamore
498 2291 642 2351 movent,
660 2282 760 2352 Sygaa
779 2281 943 2338 refundunt

144 2376 279 2442 Littera,
298 2392 375 2446 quos
394 2376 514 2447 capiunt
530 2375 655 2430 sonitus.
692 2376 760 2431 Nos
777 2376 910 2445 segniter
928 2376 974 2430 isti

145 2469 175 2525 si
194 2477 314 2523 teneant
331 2478 432 2524 motus
443 2510 452 2537 ‚
476 2478 562 2539 atquc
581 2468 659 2522 hauc
675 2477 814 2541 torpente
833 2470 958 2525 fleamus

146 2561 281 2616 Tristitia
298 2561 432 2629 cladem,
451 2571 594 2634 poterunt
611 2563 770 2633 silvaeque,
789 2563 920 2634 ferasque
930 2603 941 2635 ,

145 2652 184 2710 Et
203 2670 294 2726 super
313 2655 442 2709 attonitae
461 2665 602 2728 poterunt
621 2656 730 2710 deflere
747 2657 897 2712 volucres.

145 2747 203 2803 Hic
219 2747 299 2818 potis
319 2749 471 2818 Alpestres
490 2749 578 2801 dolor
596 2748 792 2803 intervertere
812 2761 924 2817 rupes,

145 2841 321 2896 Hercinium
340 2839 461 2893 mollire
480 2856 585 2894 nemus
595 2861 606 2909 3
625 2840 776 2900 miseratio
796 2840 884 2893 duras

146 2933 285 2990 Moverit
301 2933 367 2986 haec
386 2943 503 3001 cautes,
527 2933 634 2988 iratum
652 2933 798 2987 exciverit
816 2949 941 3003 aequor,

148 3025 354 3096 Adriaeosque
375 3026 404 3078 iu
426 3041 459 3079 ae
480 3028 596 3083 fluetus.
633 3027 681 3081 To
698 3027 811 3098 perdite
830 3027 918 3081 nullae

147 3117 308 3172 lmmutant
327 3117 357 3186 *)
374 3119 531 3190 lacrymae,
550 3120 636 3173 nullis
656 3119 821 3190 ploratibus
840 3120 898 3173 iras

147 3209 266 3278 Ponis,
283 3219 315 3264 ut
333 3227 484 3266 exoneres
503 3228 671 3283 possessam
690 3212 815 3266 erimine
833 3220 986 3278 mentem,

149 3304 289 3375 Corque,
311 3321 405 3377 capax
424 3306 574 3358 scelerum
585 3324 596 3374 3
620 3304 691 3360 sinis
709 3306 923 3359 incrudescere
940 3303 1036 3360 multo
1130 3338 1134 3344 ·

150 3396 346 3451 Contractum
367 3398 462 3450 livore
480 3397 609 3466 malum,
627 3415 685 3451 nec
706 3396 789 3451 abire
808 3398 931 3450 facultas

150 3489 218 3561 Qua
238 3488 339 3559 cupias
356 3489 460 3557 rabie,
478 3495 591 3544 tantum
608 3491 659 3545 hic
679 3489 817 3543 efferbuit
835 3498 931 3545 aestus.

150 3581 226 3654 Qua·
249 3598 282 3636 se
301 3580 388 3650 igitur
406 3582 541 3652 species,
562 3592 668 3653 quatu
691 3583 848 3638 mitescere
866 3582 964 3654 possis

151 3675 229 3728 'Pam
249 3682 355 3728 meista
374 3674 538 3730 obtulerit?
554 3677 637 3745 jacet
656 3693 692 3730 en
711 3676 881 3731 miserabile
896 3676 979 3731 visu!

149 3768 231 3822 Ense
251 3777 303 3822 tuo
321 3767 482 3838 pulchrum
500 3771 563 3825 hoc
579 3769 671 3837 olim,
690 3786 770 3825 nunc
787 3770 929 3839 sanguine
948 3768 1043 3823 multo

149 3859 190 3915 Et
209 3878 269 3932 quo
289 3863 413 3916 versasti
432 3865 575 3920 foedatum
594 3864 623 3918 in
641 3864 765 3937 pulvere
786 3877 916 3933 cerpus3

149 3954 219 4011 Nec
236 3962 336 4009 manet
356 3955 403 4009 ille
425 3957 537 4023 decor,
555 3957 603 4011 vel
622 3973 687 4027 quae
707 3957 762 4013 suit
780 3957 828 4011 illa
847 3965 986 4011 venustas
993 3976 1004 4025 3

151 4048 261 4104 Omnia
278 4058 346 4103 sunt
364 4067 378 4103 a
397 4066 430 4103 se
449 4058 580 4116 mutata,
603 4049 682 4102 haud
699 4059 843 4104 nosceret
861 4049 946 4103 istam

150 4141 244 4198 Mens
262 4143 393 4197 redivIva
410 4143 553 4209 domum,
572 4158 721 4213 quamque
739 4143 934 4214 inspiraverat
952 4150 1019 4197 ante

153 4235 282 4290 Carnem
303 4235 428 4291 animus.
464 4234 590 4303 Viden,
609 4245 641 4290 ut
658 4238 805 4308 pallorem
824 4254 840 4290 e
859 4252 991 4309 corpore
1008 4243 1074 4293 toto

151 4326 271 4396 Fugerit
290 4329 338 4383 ille
357 4326 471 4383 rubor!
492 4330 595 4401 quales
613 4330 663 4401 qui
681 4330 792 4404 pollice
812 4330 903 4387 liores

186 4523 215 4575 ³)
232 4526 377 4573 lmmutant.
413 4526 547 4586 lupellunt.
