2860 4732
270 430 338 502 298
542 420 598 492 Ad
621 422 811 496 Erasmum
834 421 984 518 Epistol.

269 614 341 678 l'eot
359 613 485 688 videre,
505 624 600 697 teque
620 614 694 678 frui.
733 613 796 693 Qui
812 613 940 676 comites
958 623 1046 687 sunt,
1078 612 1124 676 eis
1144 631 1272 691 persua·

158 711 159 718 '
270 709 422 776 desinon
444 709 567 794 potuit,
589 726 623 776 ut
639 715 760 776 Basilea
778 712 836 775 iter
851 713 1036 776 faceremus.
1073 715 1147 774 Non
1161 713 1275 776 mirum

271 813 359 894 qnod
379 833 487 874 omnes
514 825 686 896 agnoscunt
706 826 788 875 tuam
808 812 1011 876 divinitatem.
1057 812 1181 875 Utinam
1204 833 1276 892 per-

269 912 395 976 sinderi
413 924 518 991 posset
538 912 608 986 tibi,
639 915 745 996 qnanfi
764 924 795 974 te
812 913 933 974 faciam.
969 912 1102 974 Videbis
1122 913 1241 975 editum
1257 933 1276 974 a

272 1033 322 1074 me
338 1021 520 1086 Neminem,
541 1032 665 1074 carmen
683 1035 748 1075 non
763 1014 890 1076 omnino
901 1014 1163 1074 contemnendum
1180 1012 1273 1089 sorte,

269 1112 302 1173 in
325 1115 416 1193 cnjus
437 1109 619 1192 praefatione
643 1112 704 1187 tui,
737 1126 772 1176 ut
790 1113 910 1188 decuit,
940 1111 1066 1175 memini
1089 1113 1274 1176 honorifice.

271 1213 374 1274 Totus
401 1233 420 1272 a
444 1223 580 1274 tremore
606 1213 768 1286 convalui,
802 1213 877 1274 inm
900 1235 941 1276 ex
965 1212 1078 1275 morbo
1104 1213 1203 1292 pedis.
1242 1214 1274 1276 Si

153 1322 159 1332 ’
270 1311 377 1374 venies
403 1311 437 1373 in
463 1311 597 1388 ltaliam,
629 1311 704 1376 nihil
724 1313 930 1376 remorabitur
955 1301 1080 1376 euntem
1110 1313 1148 1373 ed
1176 1324 1207 1373 te
1233 1334 1274 1375 ex

268 1411 322 1474 in
340 1413 591 1494 legaliorum,
618 1434 683 1495 quo
701 1432 751 1474 rne
770 1415 909 1496 relegant
925 1412 996 1475 mei.
1035 1415 1224 1475 Exorassem
1240 1423 1274 1474 ut

268 1531 319 1574 m·
344 1511 578 1574 commendares
600 1511 690 1574 alicui
716 1505 841 1587 Rome,
876 1512 904 1576 si
927 1511 1081 1574 venissem
1105 1511 1273 1586 Basileam3

270 1631 336 1672 non
354 1633 501 1693 negasses
522 1613 584 1672 hoe
601 1611 835 1686 beneficiolum,
863 1631 931 1695 que
949 1622 1002 1673 tue
1018 1623 1066 1674 est
1083 1611 1273 1674 humenitnst

270 1710 402 1794 quodsi
422 1721 525 1784 vacat,
554 1709 694 1772 scribens
718 1713 852 1776 Romam
873 1711 1102 1774 commendabis
1118 1733 1169 1776 me
1184 1711 1276 1776 elicui

270 1833 312 1874 ex
332 1809 476 1884 literanis,
508 1809 560 1870 eui
580 1831 645 1872 non
665 1811 766 1873 mulos
788 1810 927 1883 scobem,
954 1821 1007 1872 aut
1022 1831 1123 1892 equos
1147 1813 1273 1889 frioem,

271 1912 329 1974 sed
358 1911 442 1974 inter
473 1909 570 1974 libros
600 1910 759 1972 assideam.
808 1911 881 1971 Non
911 1909 1005 1972 licent
1034 1913 1133 1991 plura.
1181 1913 1271 1977 Vale.

271 2010 443 2074 Wormaiis
461 2011 578 2073 XXIV
595 2010 759 2085 Octobris,
779 2011 873 2072 Arme
894 2009 941 2071 M.
961 2007 1002 2071 D.
1022 2008 1114 2074 XVI.
