2624 5108
492 812 532 885 in
556 808 708 883 Tureas.
1042 810 1115 885 tes

89 1006 197 1089 §orire
224 1002 410 1085 cupiditate,
440 1012 579 1069 nostram
607 1002 813 1066 accelerantes
841 990 1024 1079 victoriam,
1058 996 1116 1087 qui

88 1106 413 1189 splerulidissimorum
431 1103 577 1167 conscius
592 1102 652 1165 sibi
667 1102 860 1177 facinorum,
872 1102 988 1166 deinde
1002 1104 1116 1167 ditissi-

88 1227 208 1269 marum
235 1205 398 1267 nationum
427 1214 535 1267 auctus
561 1202 689 1284 spoliis,
720 1201 987 1266 esurientissimus
1007 1204 1116 1285 gloriae

89 1302 235 1388 juvenis,
272 1304 391 1369 arrimos
417 1302 563 1381 sustulit,
595 1314 627 1365 et
659 1324 808 1367 successu
835 1302 952 1384 prioris
979 1303 1117 1369 toruus

89 1404 231 1482 inflatus,
253 1405 358 1468 omnia
378 1404 562 1485 amplissima
580 1403 642 1471 sibi
660 1402 823 1485 proponit.
860 1404 957 1466 Hunc
976 1400 1008 1480 *)
1024 1406 1117 1466 talem

89 1506 218 1590 iuquam
234 1510 356 1570 hostem
374 1529 446 1570 earm
460 1506 496 1569 iu
510 1505 696 1589 propinquo
713 1504 897 1579 habeamus,
918 1502 958 1566 lta
978 1514 1014 1565 ut
1029 1506 1117 1567 nasllo

90 1606 152 1689 jam
171 1608 269 1683 mari,
298 1629 357 1671 nee
377 1608 417 1671 ita
435 1610 533 1691 longo
553 1618 708 1668 terrarum
727 1603 891 1667 intervallo
910 1604 1081 1669 discretum
1100 1625 1118 1667 a

90 1709 183 1771 nobis
209 1710 325 1773 bellum
351 1709 407 1785 sit,
442 1729 509 1771 non
534 1708 573 1771 ad
597 1705 809 1769 resistendum
834 1724 893 1765 vos
920 1702 1122 1789 accingetis?

90 1810 165 1881 Non
195 1811 397 1891 implorantes
428 1808 579 1872 ataxiliurn
607 1816 749 1869 vestrum
780 1802 976 1869 Christianos
1006 1826 1118 1869 omnies

93 1910 252 1973 audietis?
285 1914 358 1972 Non
378 1911 412 1970 in
429 1928 553 1973 summo
566 1926 675 1971 rerum
690 1905 871 1970 discrimine
887 1928 946 1971 vos
968 1908 1120 1971 excitabi-

92 2008 156 2072 tis?
178 2009 326 2093 Denique
340 2032 407 2072 non
423 2008 630 2073 defendendas
647 2008 754 2071 sellem
764 2006 937 2070 Germaniae
952 2008 1121 2075 consilium

92 2110 223 2192 capitis?
254 2114 355 2191 Ossam
374 2133 433 2173 vos
453 2110 510 2175 ista
531 2108 666 2172 dedecet
680 2108 789 2193 quies,
810 2129 852 2169 ne
869 2107 969 2168 dicam
987 2108 1120 2177 desidia.

93 2216 135 2273 Et
162 2212 235 2273 dieo
262 2212 392 2273 desidia.
431 2211 517 2291 Quid
542 2208 627 2272 enim
649 2212 702 2272 uel
729 2207 816 2275 domi
844 2206 964 2287 agimus
992 2207 1120 2273 interim

94 2313 247 2372 strenue?
279 2314 388 2395 Atque
407 2312 504 2395 igitur
525 2310 570 2372 sic
590 2322 688 2393 puto.
715 2306 812 2389 magis
831 2306 887 2369 ista
907 2306 1042 2370 dedecet
1059 2328 1118 2370 vos

94 2411 228 2483 desidia,
262 2432 355 2492 quam
373 2418 540 2473 Herculem
563 2412 717 2476 muliebre
742 2408 975 2471 uestimentum.
1013 2408 1052 2475 td
1071 2418 1120 2471 est

95 2532 189 2593 quam
215 2511 397 2572 bellatorem
428 2510 531 2572 virum
557 2513 646 2574 colus
672 2522 705 2571 et
733 2510 809 2572 lana.
855 2506 1014 2591 Quocirca
1045 2510 1120 2591 quia

94 2632 197 2694 prope
222 2610 398 2692 periculum
424 2623 487 2686 ost,
521 2623 553 2675 ct
574 2610 712 2693 ingentis
733 2608 940 2690 adipiscendae
959 2608 1066 2692 gloriae
1087 2609 1120 2672 in

95 2724 244 2793 promptu
265 2711 407 2786 occasio,
428 2711 592 2793 extergite,
614 2710 781 2792 exurgite!
814 2710 985 2795 Nunquam
1002 2708 1121 2773 rectius

96 2814 208 2877 moniti
234 2812 326 2888 estis,
358 2823 393 2875 ut
419 2813 594 2874 Germanos
620 2832 680 2875 ros
707 2832 777 2874 esse
800 2807 980 2874 meminisse
1006 2809 1120 2873 velitis.

95 2916 165 2976 Jam
185 2916 267 2977 nulla
283 2913 323 2974 de
342 2912 434 2977 nobis
454 2913 537 2975 bona
557 2912 641 2996 apud
659 2922 789 2977 exteros
806 2908 917 2993 opinio
933 2921 997 2985 est,
1019 2922 1123 2974 vestm

97 3016 197 3092 culpa.
245 3014 406 3077 Desidotis
436 3012 521 3075 euim
550 3032 585 3075 ae
609 3010 739 3097 inglorii
762 3032 822 3095 per
847 3010 949 3075 olium
976 3010 1122 3092 torpetis,

97 3132 157 3173 nec
176 3112 292 3173 nostris
311 3112 434 3173 utimini
452 3112 584 3177 viribus.
621 3114 702 3177 Nam
719 3112 799 3197 quid
814 3110 927 3195 aliquis
944 3111 1123 3185 admiratur,

98 3212 213 3273 nullam
245 3212 284 3272 de
317 3212 409 3274 nobis
440 3213 616 3292 praeclaram
647 3234 785 3297 peregre
815 3212 929 3279 tamam
954 3209 1124 3294 divagari?

97 3312 233 3375 Ferrum
247 3313 296 3389 ²³³³)
330 3333 462 3394 quaeque
487 3324 519 3374 et
546 3334 605 3391 aas,
636 3312 698 3379 nisi
723 3334 892 3390 exerceas,
923 3313 1126 3395 splendorem

99 3413 253 3493 perdunt,
283 3433 318 3474 ac
343 3413 522 3495 rubiginem
548 3414 696 3481 induunt.
732 3416 778 3483 At
801 3416 903 3501 gerite
929 3417 1063 3491 bellum,
1093 3422 1127 3475 et

99 3533 158 3575 nos
179 3524 347 3587 exercete,
375 3514 475 3576 statim
492 3528 585 3579 vetus
604 3516 765 3601 revigebit
781 3516 900 3601 gloria,
922 3518 1022 3581 statim
1042 3518 1125 3581 Ger-

99 3633 187 3676 mana
213 3616 397 3676 reclarescet
425 3614 541 3692 virtus,
571 3637 637 3678 nou
656 3619 760 3681 minus
779 3638 874 3701 quiam
893 3621 981 3681 sulco
1001 3616 1123 3681 attritus

99 3735 211 3782 vomer
237 3716 435 3794 splendescit.
484 3718 527 3779 Et
551 3718 614 3778 hoc
641 3738 741 3779 unum
766 3729 814 3778 est
840 3718 1023 3793 eonsilium,
1058 3733 1125 3799 quo

99 3814 226 3894 possitis
245 3815 400 3877 sinistram
416 3815 456 3878 de
473 3816 566 3879 vobis
583 3816 768 3897 opinionem
784 3816 930 3893 abolere,
952 3838 987 3879 ac
1006 3813 1125 3877 veteris

102 3914 232 3995 ignaviae
252 3917 407 3993 dedecus,
425 3937 517 3978 novae
531 3916 655 3980 virtutis
671 3916 772 3997 gloria
784 3936 999 3999 compensare.
1021 3912 1126 3976 Fertis

101 4016 186 4078 enim
205 4016 285 4079 illam
305 4019 404 4081 adbuc
425 4017 598 4081 Germanice
622 4016 723 4081 labem
742 4017 845 4091 inuri,
877 4016 958 4078 illam
977 4012 1128 4095 imprimis

101 4116 327 4197 ignominiam,
361 4130 398 4179 ut
427 4141 492 4184 sion
524 4140 597 4185 ausa
628 4118 778 4181 resistere
807 4116 923 4180 'l'rtrcis
956 4112 1127 4177 credatur?

104 4216 207 4279 Vultis
248 4218 325 4279 illud
356 4219 513 4297 majorum
547 4232 728 4290 vestrorum
761 4218 877 4281 virtute
911 4228 1033 4300 partum
1071 4214 1127 4277 im·

107 4352 301 4369 *ιιι-ι-

138 4437 161 4496 Ἶ
180 4447 209 4492 ll.
228 4448 297 4494 laune.
342 4439 388 4505 Ἠ)
407 4450 434 4496 F.
453 4450 549 4499 lernam.
