2624 5108
550 794 796 933 creticis-mus.
1105 848 1175 937 207

160 1037 336 1111 resecabis,
379 1038 546 1119 aliquando
581 1048 634 1101 aut
671 1060 783 1100 nasos.
826 1037 877 1096 vel
908 1036 1018 1097 dentes
1051 1034 1175 1113 forcipe

156 1138 305 1216 campi,
327 1148 381 1199 aut
398 1138 536 1220 linguam
555 1138 691 1215 excindi,
702 1137 836 1209 curabis.

579 1249 756 1319 Tyranrs.

230 1336 299 1398 Jam
321 1338 461 1418 quiedam
479 1337 568 1399 istius
594 1338 680 1400 modi
696 1337 837 1400 exercui.
875 1337 1005 1398 Avitum
1024 1349 1176 1415 praeterea

153 1436 301 1517 insigne,
335 1437 369 1499 id
398 1457 499 1499 cornu
532 1437 695 1501 cervinum
721 1449 784 1513 est,
832 1438 1033 1519 quorundam
1065 1439 1173 1503 buccis

151 1528 272 1599 iamsi.

579 1646 755 1707 Phalor.

167 1796 170 1801 ,
226 1735 335 1799 Macte
363 1738 468 1799 animo
490 1737 613 1803 Suevel
638 1737 691 1801 Sic
713 1737 871 1817 Tyrannis
896 1739 1021 1802 colitur.
1065 1740 1173 1805 Jubeo

149 1846 182 1897 et
198 1834 384 1900 interlectos
401 1837 517 1900 liberos
534 1839 708 1918 epulandos
725 1859 885 1919 apponere
899 1840 1097 1919 parentibus·

576 1951 762 2020 Tyr-ann.

227 2036 295 2099 Nisi
314 2036 418 2100 omnis
437 2037 561 2101 occasio
575 2038 729 2113 (latuerit,
750 2051 903 2119 patratum
916 2039 1057 2104 habebis.

576 2149 750 2205 Phalar.

222 2239 331 2319 Atque
362 2237 437 2300 illud
464 2237 521 2298 tibi
548 2237 755 2314 invenerunt,
787 2262 868 2322 quos
895 2242 1004 2317 vides,
1040 2243 1169 2304 omaus

148 2335 210 2399 isle
230 2337 366 2410 Atreus,
388 2346 418 2396 et
438 2338 555 2407 Medus
575 2341 737 2420 Astyages.

579 2447 750 2519 Tyrants.

225 2537 366 2598 Gratiam
386 2536 497 2598 habeo.

576 2646 742 2701 Pholcr.

224 2745 295 2806 Jaiu
314 2744 379 2815 illa,
405 2763 522 2805 nervos
549 2744 730 2816 extrahere,
756 2763 880 2823 ungires
903 2743 1053 2829 aclurere,
1080 2762 1166 2805 serra

148 2845 196 2905 rel
214 2843 316 2923 lignea
331 2843 469 2904 modium
482 2843 653 2915 dissecare,
674 2852 727 2903 aut
742 2843 858 2905 aversis
875 2843 966 2925 equis
982 2843 1164 2917 distrahere,

146 2945 194 3005 rel
213 2964 282 3025 quo
302 2963 421 3023 genere
443 2954 520 3006 'usus
544 2955 592 3006 est
612 2942 790 3006 Alexander
816 2947 952 3006 Severus
980 2943 1164 3020 imperator,

143 3042 234 3103 sumo
259 3062 391 3115 occare,
429 3044 526 3104 credo
552 3049 628 3105 oola
652 3040 708 3102 tibi
734 3052 816 3103 sunt.
872 3044 938 3104 Aut
965 3042 1055 3124 quod
1082 3042 1166 3123 apud

147 3141 296 3202 linitimos
318 3141 374 3202 tilii
397 3143 553 3203 Bohcmos
579 3138 741 3203 inventum
761 3152 824 3217 est,
843 3142 1021 3204 bombat-da
1034 3142 1165 3225 imponi,

144 3262 183 3302 ac
204 3240 247 3301 ita
266 3241 351 3322 globi
370 3240 440 3301 vice
459 3239 583 3321 projici.

574 3351 748 3421 Tyrann.

217 3447 348 3528 Accepi.

471 3556 480 3578 '
574 3552 735 3612 Μαῖαν.

214 3647 394 3709 Meditabar
404 3647 472 3729 ipse
485 3646 669 3730 aliquando,
683 3648 829 3707 vivorum
841 3655 934 3709 crtira
949 3649 1162 3733 confringere,

139 3758 259 3829 etqua
280 3749 414 3808 medulla
434 3758 497 3821 est,
526 3744 680 3829 liquidum
709 3746 872 3824 plumbum
891 3746 1077 3823 irrlundere,
1110 3761 1162 3809 md

141 3847 280 3909 candens
301 3847 424 3909 ferrum
442 3847 594 3910 inserere.
683 3909 687 3916 ,

522 3997 525 4005 .
567 3960 748 4026 lyrano.

216 4046 290 4112 Jam
313 4048 375 4109 ltoc
398 4047 466 4128 ipse
489 4043 646 4126 experiar.

576 4152 703 4208 Phala
711 4171 741 4207 r.

218 4248 285 4310 Sed
303 4267 341 4308 es
361 4246 466 4309 omnia
482 4245 581 4308 vincit
599 4242 718 4324 judicio
738 4263 829 4317 meo,
850 4243 941 4326 quod
954 4239 1063 4303 nescio
1081 4250 1163 4324 qao-

142 4346 241 4409 modo
269 4347 339 4409 lieri
366 4347 481 4427 possit,
513 4356 549 4406 ul
568 4357 600 4406 tri
623 4345 770 4425 ignores,
806 4343 932 4425 quando
959 4341 1087 4424 quidem
1106 4343 1163 4405 hac

141 4457 232 4509 etate
252 4445 288 4507 in
308 4445 454 4508 Sarmatis
474 4455 657 4525 usurpatum
675 4454 731 4505 est.
809 4496 837 4533 'f
