2624 5108
146 890 212 972 198
369 906 372 910 ’
523 884 842 991 Phalarimne

484 1096 488 1108 ·
535 1083 769 1155 Tyrannus.

203 1171 338 1238 Minime
356 1173 618 1254 Tyrannum
635 1171 669 1240 io
685 1192 819 1255 regnum
834 1182 944 1249 naun,
970 1183 1002 1236 et
1016 1172 1159 1256 legitime

138 1274 310 1363 imperans.

558 1385 607 1441 M
610 1399 701 1439 areu
709 1399 739 1435 r·

198 1475 250 1541 Sic
276 1484 325 1539 est
352 1474 414 1536 boe
443 1472 590 1557 quidem,
628 1472 757 1540 Charon
784 1484 820 1537 nt
848 1471 934 1535 dicit.
983 1472 1048 1536 Sed
1071 1474 1162 1539 diaeo

142 1597 163 1638 o
181 1574 359 1637 Germane!
392 1591 458 1634 non
477 1592 534 1637 eoa
555 1583 675 1637 uatum
699 1570 809 1634 vocari
829 1573 1015 1652 'l'yrannos,
1046 1574 1159 1659 quiin

140 1674 237 1737 libeni
258 1670 426 1757 aliquando
448 1672 574 1737 civitate
592 1692 727 1753 rognum
745 1672 944 1748 invaserunt,
971 1694 1083 1737 verum
1101 1682 1158 1738 eo's

139 1792 293 1856 quatique,
329 1770 385 1853 qni
410 1769 525 1835 relictio
556 1769 691 1852 juetitia,
722 1771 923 1847 liberalitate,
958 1773 1154 1850 fortitudine,

141 1874 278 1954 pietate,
313 1870 538 1952 temperantia,
575 1870 833 1947 mamnetndine,
872 1883 905 1932 et
924 1873 955 1948 ς”)
983 1873 1156 1949 elementia,

140 1973 237 2053 regiis
259 1971 376 2034 scilicet
397 1971 565 2038 virtutibus
581 1972 645 2032 ineo
663 1982 912 2051 usurpaverunt,
932 1974 1156 2051 crudelitatem,

142 2071 316 2144 avaritiam,
337 2070 511 2151 ignaviam,
531 2069 702 2145 feritatem,
722 2072 902 2149 mollitiem,
922 2073 1101 2152 libidinem,
1122 2096 1158 2139 ac

140 2170 377 2247 immanitatem,
404 2181 435 2233 et
453 2169 501 2239 his
521 2169 630 2233 similia
651 2168 736 2233 vitia.

562 2280 745 2352 Tyranm

217 2369 293 2431 Tibi
309 2381 342 2432 et
356 2369 445 2445 Deo,
473 2379 504 2431 et
528 2369 600 2431 duci
614 2368 737 2451 aliquid
753 2370 787 2431 in
804 2391 856 2433 me
874 2370 1004 2434 liberine
1020 2371 1156 2437 sortasse

139 2469 223 2533 licet.
260 2470 355 2532 Hunc
376 2464 426 2544 ae«)
457 2491 535 2536 vero
563 2481 688 2532 nautam
715 2470 785 2553 quis
811 2470 893 2532 ierat
921 2472 1158 2554 obstrepentem

140 2569 362 2652 principibus?

558 2680 740 2732 Aternum

216 2772 430 2835 Reverentius
458 2771 621 2847 Tyranno,
665 2767 739 2850 quia
764 2776 796 2836 et
821 2765 909 2834 Deua
929 2774 977 2829 ert
1000 2764 1078 2843 iste,
1125 2782 1158 2834 et

141 2884 234 2937 auum
248 2871 299 2933 bie
315 2869 409 2936 habet
429 2867 605 2947 imperium.

563 2974 737 3047 Charop

217 3067 306 3150 Age,
339 3087 397 3150 ago
423 3067 462 3128 ad
488 3086 623 3139 remum,
654 3075 686 3125 et
708 3065 855 3145 ¹scapham
873 3069 1045 3148 promove!
1079 3069 1156 3147 Quae

143 3166 256 3230 mora?
275 3166 349 3230 Vin'
379 3165 418 3229 ab
437 3165 495 3229 ista
513 3163 673 3228 deturbari
685 3162 826 3244 oymba?

530 3309 531 3313 κ
554 3275 585 3329 T
591 3289 743 3345 yronn.

218 3367 388 3448 Nunquam
406 3364 439 3426 in
456 3362 622 3427 Germania
637 3363 758 3425 laceres
776 3361 854 3436 iata3
875 3375 972 3447 atque
986 3363 1120 3437 'utinam

377 3524 380 3529 .
568 3472 739 3527 Charon.
817 3484 820 3489 ’

221 3563 307 3643 Quin
336 3573 370 3623 tn
395 3559 504 3624 minari
534 3561 668 3638 desinis,
701 3572 754 3623 aut
779 3562 863 3625 huno
887 3578 950 3644 ego
974 3561 1068 3644 capiti
1100 3574 1158 3625 tuo

145 3673 275 3725 contum
296 3661 474 3745 impingam.

560 3770 607 3826 M
614 3751 738 3824 ercbr.

219 3861 365 3944 Supplica
391 3861 481 3938 Deo,
514 3881 620 3942 neque
655 3859 738 3921 enim
764 3869 884 3924 tantum
911 3872 960 3925 est
987 3858 1076 3925 Iovia
1100 3860 1160 3922 im·

143 3961 286 4046 perium,
315 3972 350 4025 ut
367 3962 514 4044 injuriam
534 3961 601 4024 Diis
619 3959 695 4040 ipsis
714 3958 816 4022 faciat.
857 3961 886 4021 T
888 3983 909 4021 u
928 3981 1008 4022 vero
1028 3958 1160 4022 Charon

144 4063 269 4126 veniam
296 4063 340 4125 illi
365 4064 415 4127 da.
468 4065 557 4143 Nam¹
575 4060 641 4134 nea)
668 4070 831 4145 uteunque
858 4071 950 4122 autor
974 4059 1157 4135 certefnit,

115 4184 210 4247 ,quo
236 4163 324 4225 multi
349 4162 405 4223 tibi
436 4161 522 4223 oboli
550 4161 766 4234 solverentur,
808 4171 840 4220 et
867 4159 900 4222 in
926 4161 988 4222 hoc
1012 4159 1157 4223 Plutonis

144 4262 286 4326 aerarium
305 4260 408 4336 auxit,
429 4260 539 4346 utqui
558 4261 672 4324 multon
694 4258 863 4323 interfecit.

178 4488 207 4544 ’Δ
223 4505 261 4556 et,
280 4510 314 4545 ae.
350 4487 398 4559 “)
415 4499 504 4557 Hunc,
523 4499 593 4548 hono.
629 4489 693 4556 w)
711 4499 792 4557 Nam,
811 4510 872 4544 nam.
