2850 4732
535 355 771 454 ·capn10nis.

153 547 324 622 Intercepta
340 549 451 618 labris,
470 547 610 624 plenique
629 567 735 624 errore
754 551 886 618 erreulli,

151 639 192 697 Et
208 644 279 698 aevi
298 644 458 698 simulacra
476 641 572 712 ignis,
595 660 656 716 quo
676 643 802 713 perdere
821 645 896 697 sueti

151 733 291 788 lusentee
310 735 437 802 animae,
462 743 549 805 atque
568 734 687 788 utiliora
706 735 872 789 ‹locenrels.

150 809 340 898 Prandiaque
360 836 389 880 et
408 827 516 894 luxus,
533 838 730 898 ventresque,
749 829 890 898 nuruique
910 829 1018 900 catini,

150 917 191 972 Et
207 918 309 972 lancee
327 918 451 990 rupida,
473 931 501 974 et
521 920 607 991 pandi
626 921 723 974 nitore
744 920 842 991 palati.
885 989 891 994 Ι
971 952 973 961 ·

87 1083 90 1090 ,
151 1010 234 1064 Tum
252 1012 368 1065 seelera
388 1021 417 1066 et
433 1011 516 1066 labes
527 1051 537 1080 ‚
557 1021 724 1066 elmerum
743 1021 876 1066 monstra
896 1027 1044 1082 auorum,

148 1099 398 1176 Parrhisiumque
416 1105 501 1158 nefas
512 1143 522 1170 ,
541 1113 571 1160 et
591 1103 722 1174 reproba
740 1105 833 1158 verba
854 1106 994 1174 vigendi,

148 1195 189 1252 Et
206 1213 294 1268 quam
313 1197 413 1252 Berna
436 1198 515 1252 dedit
533 1197 665 1264 novitas,
687 1197 805 1267 albique
824 1198 887 1268 ipsa
907 1199 1058 1254 malorum

149 1289 279 1344 Conscia
297 1291 407 1358 eorda,
428 1290 549 1362 dolique
568 1291 677 1357 agiles,
697 1301 726 1343 et
738 1290 856 1358 jurgia,
875 1300 905 1344 et
922 1290 993 1360 irae,

147 1381 333 1454 Venditaque
352 1383 380 1437 in
401 1384 514 1454 populo
533 1382 607 1436 levis
626 1383 805 1451 indulgentia
824 1383 942 1438 Roma.

148 1473 272 1529 Crimen
289 1475 481 1544 Hogostrati,
500 1485 529 1529 et
547 1493 604 1546 que
623 1491 654 1528 ae
674 1476 810 1530 falsarius
828 1484 890 1530 arte

147 1565 260 1620 Muuiit
277 1567 448 1636 Arnoldue,
466 1567 575 1622 dehine
594 1585 652 1638 qun
670 1578 825 1624 veterator
843 1570 947 1639 Apella

147 1657 323 1715 Proditione
342 1660 421 1715 dedit
440 1677 576 1728 eausam,
594 1661 755 1732 belloque,
773 1662 1010 1733 triumphoque,

46 1777 53 1787 ·
146 1749 352 1824 Improbaque
375 1753 494 1808 Ortuini
511 1753 619 1820 Musa,
638 1762 668 1808 et
685 1753 845 1807 lutulentus
864 1754 987 1824 Apollo.

146 1841 309 1914 Faetioque
329 1845 472 1912 exitialis,
494 1855 524 1900 et
541 1861 629 1900 eausa
648 1846 795 1902 calumnia
813 1846 961 1912 multum,

145 1934 186 1989 Et
205 1935 280 2005 rapti
301 1937 397 2006 pretio
417 1937 512 2004 tituli,
532 1939 677 2004 nullisque
695 1949 799 2006 negata

146 2026 280 2082 Nomina
298 2029 456 2083 doetieulie
467 2067 477 2096 ‚
501 2040 530 2084 et
548 2031 651 2101 opinio
669 2032 735 2086 vilis
753 2033 925 2098 honorum,

146 2119 363 2192 sanguineique
381 2121 466 2192 styli,
485 2129 515 2174 et
531 2109 632 2176 multis
652 2119 766 2178 funesta
789 2137 932 2193 papyrus.

146 2211 186 2268 Et
203 2213 295 2284 plutei
314 2213 458 2283 infames,
476 2215 692 2289 graphiumque
712 2223 742 2270 et
760 2214 860 2270 inutile
876 2223 997 2285 tempus

148 2305 368 2379 Consumptum
386 2307 500 2374 studio,
522 2315 551 2361 et
569 2307 641 2362 citra
659 2307 752 2362 ullum
772 2306 913 2360 industria
932 2308 1083 2372 fructum,

148 2397 284 2474 Quaque
302 2415 397 2471 eapax
414 2401 567 2456 scelerum
586 2410 630 2454 ert
647 2401 676 2455 in
694 2401 792 2471 pingui
812 2399 939 2454 mantica
956 2409 1042 2466 tergo
1052 2435 1063 2465 ,

144 2493 198 2548 ldie
214 2493 303 2548 armis
321 2494 400 2548 soliti
418 2493 447 2550 in
465 2493 578 2564 magnis
594 2494 805 2567 progressibus
823 2492 881 2559 uti,

144 2585 249 2641 Fracta
268 2585 390 2654 dolent,
407 2596 601 2660 epectamque
619 2586 706 2655 velli,
725 2603 790 2656 que
809 2585 915 2646 deinde
933 2590 1100 2656 sequuntur

143 2681 172 2732 Α
189 2694 222 2733 ee
242 2688 393 2740 oraturum
410 2679 570 2735 simulacra
587 2683 687 2734 erecta
705 2679 858 2747 Dearnm,
1080 2665 1091 2674 ⁸

143 2774 172 2825 Α
190 2771 299 2843 quibus
317 2770 442 2839 auxilia,
465 2780 495 2827 et
512 2772 601 2844 erepti
618 2771 782 2826 munimina
800 2769 873 2824 belli

139 2863 309 2935 'speravere
329 2863 440 2930 ruder,
460 2864 570 2935 quibus
588 2864 747 2919 ambitiosa
764 2861 923 2934 quotannis

144 2955 250 3011 Thura
266 2972 432 3027 precesque
451 2955 551 3011 lerunt
567 2957 683 3025 stolidi,
702 2973 767 3029 quar
785 2957 906 3012 numina
924 2955 1025 3027 primo

144 3049 335 3104 Constituere
353 3049 443 3117 loeo,
461 3066 587 3120 quarum
605 3065 711 3108 omnes
730 3065 838 3121 reaque
855 3049 1010 3120 minasque

143 3141 271 3212 Coepere
289 3141 446 3213 auspiciis,
464 3142 621 3224 quibuaet
639 3143 663 3198 si
682 3143 800 3213 quando
818 3140 958 3201 secundis

144 3234 278 3289 Caeeibue
296 3251 312 3288 e
330 3234 411 3288 bello
431 3232 578 3302 reditum,
597 3236 741 3305 furiisque
762 3235 886 3300 luisset,

143 3325 237 3384 Grata
253 3327 435 3396 relustratis,
456 3337 622 3400 posuerunt
638 3342 763 3383 munera
779 3324 909 3395 templis·

210 3419 313 3477 Prima
331 3419 501 3492 superstitio
520 3427 586 3488 ert,
605 3425 775 3490 contempta
793 3415 930 3486 ignavior
944 3415 1026 3470 omni

143 3513 224 3569 Tota
241 3513 451 3584 pusillanimis,
470 3514 555 3584 digna
572 3521 659 3585 atque
677 3511 795 3580 indigna
812 3507 959 3574 serendo,

142 3605 259 3673 Anxia,
279 3605 388 3674 tristia,
408 3607 504 3676 inere,
521 3606 720 3677 manibusque
737 3603 774 3660 ad
791 3601 888 3660 sidera
906 3597 1020 3671 pausia,

142 3697 252 3754 Omnia
270 3697 403 3754 eredenti
420 3699 541 3769 similia,
559 3699 722 3770 similisque
740 3694 899 3770 sequenti,

142 3789 285 3863 Saepeque
304 3791 489 3862 respiciens,
506 3792 609 3850 timido
629 3789 830 3862 abjectissima
846 3785 947 3852 vultu,

141 3883 240 3938 Multa
257 3893 380 3954 putans,
398 3883 511 3953 puerile
529 3885 673 3955 loquens,
692 3884 747 3938 alta
766 3882 867 3938 omnia
884 3893 1023 3952 operans,

142 3975 182 4028 At
198 3974 270 4029 nihil
290 3963 462 4046 inquirens,
481 3985 597 4030 versata
615 3975 643 4029 in
662 3975 752 4030 eorde
772 3973 907 4046 lutoque.
