2624 5108
189 870 261 953 366
588 878 809 978 Ttt'umphua

190 1078 244 1137 llle
264 1076 362 1131 redux
378 1090 470 1129 curru
487 1072 626 1143 vchitnr,
646 1073 793 1146 victisque
811 1073 975 1149 triumphat

189 1172 336 1231 Hostibus
346 1212 355 1241 ,
375 1179 405 1224 et
422 1184 527 1223 aecum
543 1168 697 1223 scelerata
717 1168 774 1236 agit
792 1170 907 1237 agmina
924 1170 1038 1239 turbo,

189 1266 269 1321 Vicit
287 1265 386 1330 enirn,
410 1261 568 1332 victosque
583 1260 672 1330 jubet
689 1276 724 1315 ae
740 1260 846 1315 ducier
866 1271 944 1316 ante.

189 1358 393 1429 Conspicuam
416 1354 529 1426 populo
549 1354 691 1424 praedam.
723 1356 774 1413 Nc
792 1374 911 1428 quaere,
933 1358 1000 1428 qttis
1015 1357 1113 1413 hostis

189 1452 365 1524 Spectator,
385 1456 518 1502 monstra
537 1446 600 1516 ipat
618 1447 720 1516 vides,
738 1460 872 1504 monstra
882 1491 893 1519 ,
911 1453 1012 1506 omnia
1031 1461 1186 1519 monstra,

188 1546 336 1601 llercttlea
356 1542 510 1597 mactanda
533 1558 634 1595 manu.
670 1542 728 1597 Sed
746 1542 783 1597 ab
801 1532 1033 1603 llercule‚certe

191 1640 252 1693 lies
274 1648 337 1689 acta
357 1646 420 1702 est,
439 1635 570 1705 vicitque
588 1650 702 1703 senex,
722 1636 881 1708 victorque
899 1637 1053 1709 triumpho

186 1730 342 1791 Dotninici
363 1731 471 1782 fratres
489 1728 558 1782 duci
570 1727 678 1798 jubet,
696 1728 836 1784 hostibus
856 1730 912 1784 illis

188 1825 369 1879 Coniectum
391 1832 435 1877 est
456 1822 580 1877 bellum.
617 1822 721 1891 Turn,
740 1823 791 1895 qui
810 1823 971 1893 adjuvere,
991 1825 1149 1879 trahuntur

189 1924 265 1974 Ante
283 1916 500 1987 triumphales,
519 1916 675 1989 Capniotte
693 1926 858 1987 sequente,
876 1927 1018 1989 paratus,

187 2014 237 2069 Ex
254 2011 340 2068 Ubiis
359 2010 473 2063 delecta
491 2024 620 2077 manus,
637 2022 669 2064 tu
686 2010 829 2079 'l'ungare
849 2012 959 2065 frustra

187 2108 279 2163 Nunc
297 2120 448 2171 turtureus,
466 2104 577 2174 quique
596 2103 725 2172 insignes
743 2104 870 2159 Ortuine
890 2104 1011 2160 furores

186 2201 338 2256 Attuleras
358 2212 479 2264 tecum,
502 2184 608 2250 vanam
628 2198 693 2251 sine
709 2196 824 2251 viribus
841 2198 939 2264 iram,

186 2296 239 2352 llis
257 2308 384 2358 comes,
405 2301 433 2344 et
451 2289 523 2344 belli
541 2290 687 2343 scelerata
708 2290 816 2359 ligatur
833 2290 940 2361 origo,

188 2389 232 2444 Ad
251 2385 362 2457 Christi
381 2395 496 2438 temere
514 2393 628 2437 sectam
650 2382 804 2438 traductus
825 2384 949 2455 Apella,

188 2483 289 2555 Quem
310 2478 446 2550 sequitur
464 2492 593 2530 numero
612 2493 674 2532 non
693 2476 861 2531 enarrabile
879 2478 996 2546 vulgus.

187 2576 290 2632 Triste
309 2571 535 2643 sophistarum,
553 2567 706 2640 vinctique
726 2586 741 2624 a
760 2570 831 2624 tune
848 2571 999 2640 magistri,

187 2669 260 2725 Ausi
283 2682 390 2721 omnes
410 2664 539 2718 immane
559 2663 664 2729 nolas,
684 2679 818 2733 ausoque
838 2664 969 2736 repulsi,

188 2763 278 2837 Quos
297 2759 365 2830 quia
383 2774 464 2811 nunc
483 2765 598 2827 spectat
617 2756 755 2811 manibus
774 2767 842 2828 post
862 2766 945 2827 terga
962 2758 1075 2830 ligatis,

186 2855 239 2913 Nil
257 2855 335 2908 ultra
353 2850 483 2917 audere,
503 2856 532 2902 et
550 2850 701 2904 victorem
718 2866 885 2919 agnoscere
907 2852 1017 2909 victos.

255 3036 348 3093 Dicat
365 3033 428 3103 Jo,
451 3035 476 3091 si
495 3050 529 3091 ae
545 3035 631 3091 novit
652 3035 834 3105 Germania,
852 3035 941 3093 dicat.

186 3128 257 3188 Jam
275 3145 406 3185 vacuum
425 3130 525 3199 curis,
544 3140 631 3201 atque
651 3129 815 3185 ambitione
833 3131 985 3201 solutum,

187 3224 406 3294 viventemque
425 3223 482 3278 sibi
492 3264 502 3291 ,
521 3223 701 3296 reliquoque
718 3225 838 3279 suavius
854 3225 896 3280 uti

186 3320 345 3392 Tempore
365 3325 567 3390 quaerentem,
587 3314 682 3371 studia
701 3318 778 3373 inter
795 3327 898 3374 sancta
914 3318 1071 3394 librosque

186 3413 254 3471 Lite
274 3412 403 3480 relegata
422 3413 536 3465 testum
546 3448 556 3477 ,
574 3410 768 3483 elloetumquc
785 3423 907 3467 senecta

188 3508 328 3562 Invasere
347 3519 452 3558 senem
472 3503 658 3572 innocuum,
676 3505 716 3559 nil
736 3506 794 3559 tale
811 3516 1002 3575 merentem,

189 3600 284 3654 Causa
302 3598 387 3652 viros
405 3596 519 3666 movit,
542 3597 612 3670 qttia
628 3597 669 3651 nil
690 3614 851 3669 superesse
869 3600 1031 3669 ridebant,

188 3694 264 3751 Post
282 3694 438 3748 Bonnense
455 3692 562 3761 nefas,
581 3708 642 3764 quo
663 3708 697 3747 se
717 3693 872 3763 inquinare
890 3694 1015 3762 liceret,

189 3789 368 3859 Respexere
385 3787 454 3855 diu,
473 3788 604 3859 placuit,
629 3787 784 3858 Capnione
803 3796 947 3859 reperte,

188 3882 326 3939 Erexere
345 3881 460 3936 invidiae
480 3882 637 3949 stimulos,
659 3880 843 3952 solitumque
862 3897 1033 3954 venenum,

189 3976 329 4031 Sollicitis
348 3992 410 4047 quo
431 3974 579 4046 principio
599 3992 632 4028 se
652 3976 809 4041 accingere
827 3984 975 4045 possent,

191 4072 334 4141 Flagitio,
353 4085 441 4124 curas
460 4069 604 4123 recutitus
622 4074 755 4137 apostata
772 4066 874 4122 solvit.

191 4166 419 4234 Consiliumque
438 4163 536 4229 dedit,
553 4160 606 4215 sed
625 4177 715 4215 versu
734 4161 836 4217 dicere
856 4162 966 4218 durum
985 4170 1049 4235 est,

192 4261 216 4313 Α
233 4259 344 4330 piperis
361 4273 455 4327 grano
475 4256 663 4312 Germanum
682 4274 796 4312 nornen
817 4257 931 4329 adepti,

191 4352 278 4406 Hunc
297 4351 369 4405 olim
389 4364 492 4422 poenas
512 4347 695 4418 lugientem,
714 4360 850 4406 extrema
869 4361 1007 4407 secutum

191 4444 375 4516 Opprobriis
394 4451 576 4514 coopertum
593 4442 768 4513 hominem,
792 4448 932 4517 famaque
944 4442 1089 4512 sinistra,

193 4536 364 4609 Flagitiique
383 4550 488 4606 rcum,
509 4532 721 4609 simulantem,
740 4554 775 4594 nc
793 4540 886 4596 multa
904 4548 1071 4595 voventem
