2810 4722
283 481 350 562 ut
521 477 563 552 ln
587 476 770 552 Ulrichum
794 476 1043 574 Wirtenberg.

278 673 397 736 cladem
420 673 628 746 minitantem,
675 689 711 732 ac
742 667 819 730 istos
849 667 941 732 nobis
971 669 1126 736 scelerum
1154 687 1286 731 suorum

279 785 531 859 propugnatores
559 769 774 851 objicientem,
807 767 1057 850 comprimamus.
1102 769 1198 849 Quod
1225 767 1287 831 nisi

278 875 423 938 celeriter
453 877 522 950 fiet,
561 873 723 936 difficulter
758 871 822 932 liet.
875 870 1037 933 Praeterita
1058 869 1170 933 'omnis
1202 869 1289 930 bona

279 975 404 1042 occasio
426 987 490 1052 est,
509 974 697 1047 videndum,
724 993 764 1034 ne
784 971 820 1032 in*
834 970 977 1051 periculo
998 989 1129 1054 quoque
1149 967 1288 1031 defueri-

278 1099 346 1140 mus
365 1075 468 1138 nobis.
506 1075 584 1136 Nam
614 1072 692 1157 qrrid
720 1069 1000 1148 adhtrcdifferetis
1026 1073 1087 1132 hoe
1111 1067 1289 1149 judicium?

279 1177 353 1244 Haec
380 1175 446 1238 dies
473 1173 619 1236 constitui
648 1171 755 1251 jubet,
785 1191 878 1253 quam
904 1171 944 1232 de
970 1169 1143 1241 sesamam
1171 1170 1289 1234 exteris

278 1271 457 1338 nationibus
473 1271 622 1354 'praebere
649 1272 724 1333 velit
751 1269 948 1345 Gennania,'
964 1279 1112 1349 tyrannos
1138 1291 1179 1332 ne
1207 1270 1287 1350 pati,

279 1389 318 1436 an
346 1374 519 1438 libertatem
547 1393 684 1436 asserere
715 1391 819 1445 suam,
865 1390 958 1453 quam
987 1369 1026 1430 nb
1061 1367 1150 1438 initio
1179 1389 1287 1432 rerum

278 1485 375 1538 tutata
408 1485 455 1536 est
486 1485 629 1548 strenue,
667 1469 843 1534 innocentis
873 1468 1004 1532 hominis
1032 1469 1148 1530 cedem
1172 1470 1286 1549 punire

278 1575 446 1649 sustineat,
466 1595 505 1635 an
525 1593 644 1636 armare
662 1573 804 1635 ftrrorem
822 1570 1100 1653 perditissimorum
1112 1570 1286 1647 bominum,

278 1695 414 1757 quorum
434 1673 483 1734 ille
504 1683 597 1753 caput
616 1683 681 1746 est,
709 1675 794 1748 (lux,
823 1685 853 1735 et
874 1673 1051 1754 imperator.
1089 1672 1161 1732 Hoc
1180 1691 1287 1734 rerum

276 1785 374 1849 stam,
405 1775 462 1840 hac
485 1771 685 1835 incumbente
709 1772 892 1837 necessitate
922 1769 1040 1854 aliquid
1066 1791 1131 1832 non
1156 1782 1288 1851 repente

277 1875 434 1957 agendum
454 1871 527 1936 est?
548 1873 615 1935 Aut
632 1874 692 1934 ulla
704 1878 777 1934 'non
796 1873 990 1952 perniciosa,
1011 1882 1288 1955 quantumcunque

277 1977 370 2038 etiam
389 1972 494 2037 breuis
521 1994 608 2035 mora
631 1972 713 2035 erit?
753 1976 855 2055 Quem
880 1973 989 2036 monui
1008 1973 1129 2035 recenti
1149 1983 1288 2036 conster-

275 2076 402 2137 natione
415 2075 567 2138 utendum
581 2093 667 2148 csse,
688 2084 719 2136 et
733 2085 863 2156 rprantas
878 2096 964 2138 nunc
975 2077 1092 2154 elapsas
1106 2072 1288 2136 occasiones

275 2177 388 2238 video!
420 2177 470 2236 Eo
488 2175 571 2237 enim
590 2185 716 2238 ventum
734 2186 798 2248 cst,
823 2185 858 2235 ut
872 2195 954 2254 pene
971 2173 1093 2237 difficile
1109 2173 1165 2246 sit,
1194 2171 1288 2234 istum

275 2275 411 2340 retundi.
451 2277 650 2338 Retuntlctur
664 2286 787 2350 tamen,
809 2295 844 2335 ac
856 2273 1064 2353 refringetur,
1083 2269 1110 2336 si
1128 2291 1187 2332 vos
1207 2272 1289 2334 celc-

274 2373 351 2436 riter
374 2373 406 2436 in
435 2375 574 2436 medium
597 2373 824 2440 consulueritis.
879 2371 973 2447 Dixi,
1003 2393 1069 2434 non
1094 2391 1163 2434 esse
1187 2369 1287 2432 venie

274 2472 356 2534 illam
381 2464 579 2551 petitionem,
600 2476 655 2535 sed
672 2475 743 2535 belli
761 2471 944 2538 muchinsmr¹
980 2473 1097 2538 Monoi
1116 2471 1287 2545 desertum,

275 2573 490 2651 desperatum,
512 2573 581 2646 ct')
596 2573 729 2636 irnctum
740 2571 889 2654 opprimi,
910 2573 998 2655 quod
1009 2572 1085 2655 qnia
1095 2569 1287 2654 neglexistis,

275 2670 307 2732 in
328 2661 478 2754 quamtum
505 2671 591 2734 lame
612 2674 778 2738 discrimen
796 2673 1003 2749 deveneritis,
1030 2671 1164 2736 videtis!
1203 2673 1289 2754 Quid

274 2774 346 2848 liet,
365 2773 391 2836 si
408 2773 537 2836 ulterius
556 2775 689 2836 cunctati
703 2795 825 2838 omnem
841 2773 1002 2854 judicandi
1010 2773 1188 2836 incultsitem
1202 2775 1288 2836 amit-

273 2873 343 2936 tatis
352 2873 427 2950 *Ἢ
449 2876 559 2952 Turpe
571 2919 577 2945 ‚
589 2884 621 2934 et
631 2875 699 2947 aar)
711 2875 955 2956 ignominiosum
967 2885 1032 2950 est,
1052 2874 1192 2956 segniter
1202 2875 1287 2936 dam·

273 2973 342 3035 nari
356 2974 514 3033 hominem
530 2971 707 3047 dementire,
724 2973 877 3051 libidinis,
889 2975 1285 3052 maletractationis,meje-

273 3069 357 3134 statis
382 3091 418 3132 ac
442 3070 599 3150 parricidii
617 3094 726 3147 reum,
758 3076 969 3156 turpissimum
991 3076 1065 3150 erit,
1099 3095 1135 3137 nc
1152 3074 1286 3160 ignomi-

206 3196 211 3206 ¹
273 3170 498 3245 niosissimum,
526 3183 557 3232 et
575 3174 658 3234 nulla
672 3176 983 3258 unquamreligione
1003 3175 1157 3256 expiabile
1177 3177 1283 3255 nefas,

275 3269 636 3336 omninonondamnari.
675 3275 771 3354 Quod
784 3293 845 3356 ego
858 3297 923 3336 uon
934 3277 1058 3358 cogito,
1075 3277 1213 3340 neemm
1200 3278 1251 3352 )
1244 3289 1285 3340 rta

272 3380 383 3431 vestrae
402 3371 524 3448 fidei,
515 3373 701 3457 integritati,
721 3395 757 3436 ac
776 3375 954 3436 constantiae
974 3376 1098 3452 diffido,
1118 3389 1154 3437 ut
1167 3387 1285 3438 tantum

272 3471 383 3531 sceleri
411 3473 633 3551 permissuros,
665 3486 784 3536 tantum
810 3473 958 3536 adversos
978 3476 1098 3554 bonos,
1136 3498 1172 3538 ac
1192 3477 1284 3538 inno-

272 3582 377 3633 centes
404 3572 534 3634 licentiae
560 3574 688 3635 daturos
714 3570 800 3637 malis
820 3575 976 3653 suspicer,
1003 3577 1066 3639 boc
1084 3577 1121 3650 †)
1145 3599 1204 3640 vos
1226 3597 1284 3655 per

163 3672 166 3678 '
271 3671 375 3733 Deum
397 3671 601 3736 immortalem
620 3671 682 3744 ††)
705 3690 782 3746 oro,
808 3694 867 3752 per
886 3674 1020 3737 nominis
1039 3677 1135 3740 vestri
1154 3675 1278 3751 famam,

271 3793 328 3852 per
367 3791 563 3858 communem
600 3772 748 3848 satutem,
801 3794 842 3836 ne
875 3773 958 3842 bello
999 3775 1128 3859 conlligi
1166 3778 1283 3840 sinatis.

271 3917 463 3932 ῃ

305 3999 333 4064 ⁸)
351 4015 394 4065 et,
412 4019 448 4054 sc.
494 3999 537 4063 ”l
555 4014 701 4069 nmtrtatts,
731 4011 853 4060 enittetls.
878 4001 957 4088 sm)
975 4021 1013 4070 st,
1041 4025 1075 4060 ae.
1123 3999 1203 4074 W)
1220 4027 1282 4073 nec,

302 4088 360 4134 ttec.
395 4091 425 4143 τ)
442 4093 508 4151 tos,
526 4093 584 4139 llos.
618 4095 665 4147 Η)
682 4097 758 4142 Deum
777 4099 941 4145 immortalem
951 4131 960 4156 ,
978 4098 1042 4145 Deos
1060 4097 1213 4148 inmortales.
