2624 5108
886 388 890 395 .

144 430 157 443 κ
382 450 386 455 ι

389 458 395 465 ι

582 560 588 572 a

429 832 486 908 nr
508 831 578 911 Jn.
602 830 732 931 Pflugk
754 827 869 931 apat.
1080 770 1153 913 irc

1057 502 1125 647 ἢ.

143 1028 317 1108 ademptam
335 1026 461 1108 penitus
480 1044 578 1107 spem.
615 1025 685 1089 Vos
703 1024 737 1086 in
757 1020 844 1086 ltalia
864 1019 943 1107 qnid
961 1021 1076 1104 agitis?
1104 1035 1158 1087 ant

142 1130 233 1213 quod
261 1127 323 1207 ipsi
360 1146 491 1211 quoque
520 1123 701 1189 incendium
726 1123 892 1187 conflatis?
927 1125 991 1187 Sed
1017 1126 1057 1187 ad
1065 1124 1159 1188 -illud
1196 1154 1206 1167 ·

141 1231 256 1291 iterum
275 1229 372 1290 venio
394 1227 578 1309 Principum
596 1227 694 1289 decus
712 1232 888 1289 Albertum.
932 1226 1031 1306 Quod
1049 1234 1161 1307 prater

145 1331 326 1395 Romnum
341 1348 465 1391 morem
482 1327 599 1391 lacum
619 1346 728 1391 omnes
745 1337 873 1408 putant,
901 1325 998 1410 gratis
1015 1326 1060 1389 illi
1079 1327 1163 1390 misit

144 1433 285 1515 galerum
303 1440 334 1492 et
353 1448 524 1510 purpuram
546 1435 661 1494 LeoX.
679 1437 742 1489 tam
761 1425 805 1488 ob
824 1446 989 1508 persuasae
1008 1425 1068 1490 sibi
1085 1428 1186 1489 mnl·.

144 1542 251 1595 torum
269 1528 542 1592 commendatione
567 1525 701 1591 hominis
719 1525 868 1604 virtutes,
894 1548 990 1610 quam
1010 1541 1046 1591 ut
1070 1527 1166 1611 grati·
1223 1608 1227 1615 Ι

138 1634 294 1696 ⁴licaretur
312 1642 390 1711 puto
411 1629 546 1706 Caesari,
582 1627 638 1713 qui
656 1635 789 1693 Atbmo
807 1626 888 1691 mire
904 1627 1002 1691 favet.
1046 1630 1166 1695 Damus

146 1735 209 1796 boc
233 1731 342 1812 pietati
368 1730 467 1812 ipsius
493 1741 525 1792 et
550 1748 712 1813 propenso
736 1726 769 1790 in
796 1747 909 1792 omnes,
926 1728 1031 1797 bonos
1051 1732 1167 1794 studio.

149 1832 281 1896 calend.
300 1834 439 1916 Augusti
456 1833 598 1914 gaiorum
613 1827 746 1912 sumpsit
768 1826 838 1906 itte,
865 1841 1045 1913 apponente
1063 1832 1168 1915 legato

148 1933 323 2017 pontilicio.
379 1932 562 1996 Jucundum
599 1928 662 1992 tuit
699 1927 733 1992 id
768 1930 980 2012 spectaculum
987 1956 1004 2008 ,·
1037 1933 1172 1995 maxima

149 2034 318 2099 nobilitatis
335 2031 515 2116 frequentia
533 2030 618 2095 lacto
638 2048 746 2107 sacro,
766 2050 802 2092 ac
816 2029 1055 2115 ingenti'omnis
1073 2052 1171 2113 gene·

148 2135 193 2199 ris
224 2133 385 2197 bominum
421 2129 611 2194 circumfusa
647 2131 856 2197 multitudine.
913 2130 987 2212 lpse
1016 2128 1123 2194 Cacsar
1154 2154 1174 2196 a

151 2235 246 2299 sacris
265 2236 394 2297 domum
420 2233 549 2295 reduxit
569 2239 752 2311 Albanum,
780 2230 897 2295 deinde
916 2251 1049 2293 munera
1072 2229 1173 2304 misit,

151 2335 271 2416 regiam
286 2333 443 2409 lecticam,
463 2331 566 2416 equos
579 2344 611 2395 et
622 2342 760 2414 tapetes,
781 2350 880 2413 opere
894 2330 985 2393 simul
997 2352 1034 2394 ac
1046 2332 1176 2394 materia
1224 2416 1228 2423 .

152 2433 360 2497 admirabiles.
399 2436 496 2497 Juxta
509 2436 576 2496 lnac
588 2445 707 2501 Leonis
722 2430 858 2497 Maximi
875 2432 1013 2506 donum,
1033 2431 1175 2514 gemmis,

153 2555 255 2609 auro,
278 2555 314 2596 ac
332 2534 507 2615 margaritis
523 2535 680 2599 intextum
697 2533 833 2616 pileum,
853 2545 886 2595 et
903 2553 1013 2595 ensem
1030 2528 1178 2595 deburata

154 2635 279 2718 vagina.
316 2634 530 2718 sequentibus
557 2636 677 2719 aliquot
707 2633 820 2697 diebus
846 2633 1015 2717 Magnates
1041 2633 1179 2701 officinm

153 2736 316 2812 lecerrrnt,
352 2736 392 2799 ad
422 2735 508 2798 illum
534 2735 698 2799 venientes
724 2733 993 2817 congratulando,
1027 2734 1071 2797 ob
1100 2734 1179 2797 nori

154 2837 286 2900 honoris
307 2837 527 2900 accessionem.
565 2837 655 2899 Deus
683 2833 765 2897 bene
799 2846 919 2910 vortat,
954 2855 990 2897 ac
1018 2855 1107 2916 spem
1129 2835 1180 2897 lo·

157 2949 230 2998 reat
259 2957 370 2999 meam.
407 2937 522 3019 Neque
553 2934 637 2998 enim
672 2944 777 3016 potest
806 2935 863 2998 ille
891 2954 958 2998 non
989 2955 1080 2997 carus
1110 2954 1181 2998 esse

158 3037 246 3111 Diis,
277 3037 330 3099 cui
349 3048 451 3099 tantus
470 3036 561 3099 brevi
579 3049 723 3117 tempore
742 3037 901 3098 bonorum
921 3036 1084 3110 cumulus,
1116 3055 1183 3097 non

159 3136 307 3199 ambienti
326 3136 419 3197 etiam
435 3155 505 3198 sese
521 3136 645 3199 offudit.
685 3144 845 3200 Tlmotlaei
863 3134 1026 3199 tartunam
1051 3134 1181 3210 dixeris,

160 3239 200 3302 de
215 3257 280 3319 qno
295 3235 372 3298 illud
389 3233 558 3317 aliquando
575 3235 769 3318 divulgatam
781 3247 829 3299 est
849 3233 965 3300 iudom
985 3240 1082 3319 κύρτου
1101 3234 1185 3322 airpst.

161 3340 212 3403 De
231 3356 281 3401 me
300 3336 346 3399 sic
364 3334 455 3397 habe.
494 3335 606 3399 Adhuc
627 3337 659 3398 in
679 3345 803 3402 Athens·
826 3336 986 3419 Principia
1002 3340 1073 3403 aula
1091 3358 1186 3401 exer·

162 3458 256 3510 ccor,
283 3432 459 3518 scripsique
477 3456 534 3515 per
553 3438 681 3520 negotia
700 3451 853 3522 quantum
873 3438 962 3502 licuit
981 3451 1095 3520 prater
1115 3459 1187 3501 ora·

161 3538 281 3600 tionem
311 3536 351 3598 ad
376 3535 542 3616 Principes
570 3538 832 3616 exhortatoriam,
866 3541 1021 3622 Dialogus
1047 3540 1186 3623 aliquot,

162 3638 246 3701 inter
266 3657 348 3719 quos
368 3648 416 3697 est
435 3636 475 3698 de
494 3636 558 3697 vita
578 3637 678 3700 aulica
695 3659 763 3700 non
781 3639 913 3701 omnino
933 3641 1188 3702 contemnendus

164 3737 316 3810 arbitror,
350 3757 445 3820 quem
472 3756 558 3798 nunc
583 3737 680 3798 edere
705 3757 795 3817 paro.
833 3739 913 3800 Nam
930 3737 982 3799 hic
1003 3736 1187 3818 composui,

166 3845 324 3899 Stromcri
340 3836 462 3899 Medici
481 3835 647 3910 irutinotu,
670 3836 725 3919 qni
745 3858 796 3905 me
815 3836 1016 3919 singulariter
1036 3848 1136 3910 amat,
1156 3848 1189 3899 et

168 3955 263 4016 quem
278 3958 341 4020 ego
354 3936 489 3999 vicissim
502 3935 595 3999 urtice
607 3938 690 3998 colo.
711 3947 814 4000 Nemo
833 3936 950 3999 revixit
961 3951 994 4000 et
1008 3937 1048 3999 ad
1063 3948 1190 4003 crottam

166 4034 308 4099 mittitur.
347 4039 450 4116 Super
475 4045 541 4120 qud
568 4049 760 4117 nugamento
781 4037 879 4107 debes
901 4037 1051 4100 italorum
1071 4036 1191 4119 judicia

170 4137 345 4216 explorare.
384 4146 543 4202 Ercsnaus
566 4136 695 4200 Basileae
714 4137 798 4220 agit,
819 4158 904 4200 nova
923 4138 1039 4200 iterum
1058 4139 1190 4202 cudens.

168 4247 337 4317 Philippus
353 4245 603 4313 Melcnclrtlaon,
626 4249 740 4316 practer
759 4249 881 4301 etatem
899 4239 1044 4303 eruditus
1064 4237 1191 4321 juvenis

169 4337 409 4419 Vittenbergam
428 4336 595 4401 accersitus
615 4348 682 4413 est,
701 4357 767 4399 non
788 4336 930 4402 illiberali
951 4341 1082 4418 salario,
1105 4343 1194 4406 Gre-

170 4452 221 4499 eas
239 4438 342 4501 literas
360 4447 397 4499 ut
414 4435 538 4501 doceat.
577 4440 653 4519 Quo
668 4437 762 4501 etism
781 4439 838 4522 qui
857 4441 1015 4505 Hebraica
1032 4444 1192 4527 prolegat,

203 4568 270 4615 arun.
287 4568 332 4626 op,
348 4568 378 4617 r.
397 4568 429 4615 n
853 4545 899 4617 al
