2624 5108
513 836 641 911 Oratio
669 835 819 929 Quarta.
1106 840 1172 911 145

154 1029 241 1113 rprasi
263 1029 297 1091 in
325 1029 488 1093 oblivione
513 1028 656 1093 maleficii
681 1026 728 1091 tui
746 1049 870 1093 eausam
889 1031 1029 1107 diceres,
1061 1032 1171 1115 sicque
1202 1074 1206 1083 ·

149 1128 241 1191 facite
262 1130 412 1205 absolvi,.·
426 1129 557 1219 quando
575 1130 641 1191 hace
654 1128 710 1191 tibi
729 1130 980 1206 aureadssnsset,
1011 1135 1171 1215 sper-oba·-

149 1231 213 1291 Scd
240 1230 299 1319 qui
326 1231 391 1291 hoe
413 1226 566 1303 inverridi
589 1243 698 1305 acute,
730 1252 788 1292 eur
810 1250 876 1293 nou
903 1231 1011 1294 itidem
1029 1237 1171 1299 modesta

148 1330 271 1413 aliqua,
291 1341 343 1391 aut
360 1322 538 1399 laenatiori
560 1330 703 1392 oratione
718 1342 748 1390 te
767 1329 967 1393 instruxisti?
988 1333 1126 1397 Tantum
1137 1338 1170 1397 in

151 1430 220 1494 istis
250 1428 342 1493 ermis
371 1428 493 1493 fiducie
521 1430 673 1509 posuisti,
707 1442 741 1491 ut
767 1430 845 1513 quid
871 1434 1065 1513 loquereris,
1094 1435 1169 1499 nihil

151 1532 276 1595 referre
295 1529 447 1609 putares?
474 1530 546 1621 Vel¹
560 1540 664 1593 tantus
688 1541 736 1591 est
755 1530 839 1592 inte
857 1532 1062 1613 pessimarum
1081 1536 1169 1617 cupi·

149 1632 286 1695 ditatum
316 1630 428 1707 arder,
460 1641 495 1693 ut
524 1630 576 1691 vel
610 1630 649 1691 ed
677 1641 801 1711 tempus
837 1643 868 1692 te
903 1632 1068 1715 quiescere
1103 1656 1170 1697 non

146 1730 260 1795 sinat?
294 1729 350 1793 Ad
377 1731 497 1805 veniam
522 1722 608 1791 certe
634 1730 794 1811 respicere
815 1752 910 1793 nemo
930 1708 1074 1812 putatur,
1114 1735 1169 1818 qui

144 1836 192 1897 sic
215 1831 315 1915 dicit,
350 1820 411 1893 nee
435 1830 479 1893 ita
506 1830 603 1893 debes
629 1850 698 1892 esse
723 1831 853 1893 audacia
882 1834 1044 1912 perditus,
1084 1846 1120 1896 ut
1139 1847 1170 1897 te

145 1920 276 2007 eredes,
323 1930 357 1993 vi
388 1931 594 2004 effecturum,
630 1940 666 1991 ut
699 1930 751 1993 hie
783 1931 908 2009 Cacsar,
949 1934 981 1998 hi
1011 1935 1169 2017 principes

144 2034 262 2097 timore
292 2032 340 2095 tui
370 2032 547 2115 aequitatem
573 2033 729 2093 deserant.
782 2034 849 2095 Nec
885 2034 1007 2097 absqu
1033 2048 1068 2098 tu
1099 2035 1169 2099 sine

143 2120 268 2199 summa
295 2131 392 2214 hujus
420 2132 555 2195 nationis
581 2131 708 2193 infamia
727 2142 829 2211 potes.
866 2134 1059 2217 Impunitum
1079 2148 1169 2199 tuum

144 2240 248 2299 scetus
278 2232 347 2297 siue
380 2231 517 2295 mexirno
552 2231 725 2294 eommunis
752 2233 926 2295 Germaniae
956 2238 1077 2298 scelere
1102 2256 1169 2297 non

148 2335 220 2397 en't.
265 2334 337 2395 'l'ua
363 2344 469 2395 autern
498 2332 638 2413 potentia
669 2343 786 2412 quanta
814 2343 879 2408 est,
920 2344 955 2394 ut
986 2356 1024 2397 ea
1058 2354 1167 2415 speres

150 2434 256 2499 omina
276 2432 492 2515 perstringere,
527 2453 563 2493 ac
581 2431 821 2495 comminuere?
855 2433 908 2493 An
928 2432 961 2493 iu
978 2431 1168 2515 propinqui·

150 2536 262 2598 tatibus
289 2533 369 2609 tuis,
404 2544 457 2594 aut
479 2530 621 2593 amicitiis
643 2552 732 2611 spem
751 2530 873 2610 ponis?
916 2534 968 2593 En
991 2534 1105 2596 adsunt
1134 2535 1166 2598 hi

146 2654 313 2719 proceres,
335 2636 401 2696 use
414 2631 588 2695 Gennsrrie
602 2631 719 2711 eapite,
739 2629 859 2705 (licam,
880 2643 911 2693 et
925 2632 1027 2696 dicam
1039 2634 1166 2711 iterum,

144 2736 311 2802 acetarius
327 2734 449 2810 dicam,
474 2753 580 2816 neque
598 2743 629 2794 tc
646 2731 763 2793 debent
780 2731 949 2812 attinuere,
976 2733 1003 2797 si
1023 2736 1165 2815 possint,

144 2858 251 2921 neque
265 2846 422 2918 possunt,
441 2833 470 2897 si
487 2833 595 2896 velint.
632 2833 683 2895 De
700 2843 731 2893 te
747 2843 852 2895 eutem
868 2835 987 2895 clarum
1002 2846 1066 2911 est,
1087 2837 1167 2919 quid

141 2941 300 3015 eonsules.
339 2938 407 2999 Nee
425 2933 489 3013 jam
504 2935 574 2997 iere
588 2928 756 3017 uunquam
770 2932 913 3015 igriorut,
944 2946 1064 3015 quotu
1084 2936 1166 2999 Ger.-

139 3040 278 3105 muniam
299 3056 416 3111 voces,
457 3038 546 3118 quod
578 3035 729 3107 exitium,
768 3032 1064 3114 quam-vastitatem
1090 3035 1166 3097 huie

143 3140 252 3222 patriae
260 3138 410 3203 molieris.
448 3138 556 3217 Quare
567 3158 634 3199 non
645 3133 744 3198 debes
761 3152 802 3193 eo
820 3132 1017 3195 confidentiae
1032 3134 1164 3210 demitti,

145 3252 183 3303 ut
204 3240 313 3303 credes
331 3236 463 3319 aliquod
481 3248 570 3299 tuum
588 3232 753 3299 consilium
776 3232 948 3294 obscurum
971 3252 1058 3307 esse,
1091 3254 1165 3296 eum

144 3352 177 3404 te
196 3358 308 3403 omnes
331 3337 447 3419 passim
465 3336 635 3411 obserrepe
658 3332 781 3405 uideas,
812 3332 847 3395 in
862 3329 1002 3395 onmium
1026 3330 1103 3393 odio
1128 3352 1164 3394 ae

141 3452 229 3505 metu
245 3441 383 3523 positum
402 3449 432 3499 te
449 3435 564 3499 seutiae
582 3434 623 3510 *).
671 3432 738 3495 Vix
757 3434 833 3495 dum
855 3432 1025 3515 obsignatae
1047 3443 1107 3495 tuae
1129 3416 1180 3495 in'

144 3542 277 3605 Gatiiam
306 3539 403 3603 literar
430 3548 537 3610 erant,
580 3554 652 3595 cum
679 3532 743 3609 jam
772 3530 880 3593 divina
904 3530 999 3613 hujus
1029 3532 1164 3599 Cesarie

145 3640 321 3723 vigilantia,
356 3628 435 3721 rprid
454 3648 489 3699 tu
504 3624 689 3706 conareris,
721 3631 920 3715 intelligeret.
959 3636 1027 3695 Nec
1043 3632 1163 3717 aliquid

144 3742 234 3824 prius
249 3764 267 3807 a
280 3755 311 3806 te
321 3739 497 3803 nuntiatum
510 3733 661 3799 Swizeris
677 3731 800 3807 ⁴*)est,
820 3752 914 3813 quam
928 3732 1005 3796 illud
1017 3734 1052 3795 iu
1070 3754 1161 3795 aures

142 3846 314 3909 multorum
345 3837 588 3909 clarissimorum
617 3831 761 3894 virorum
789 3829 1005 3908 dissiparetur.
1054 3834 1163 3913 Quare

141 3945 240 4007 etiam
263 3964 330 4005 non
349 3940 393 4003 ita
417 3938 585 4019 imparatos
616 3952 676 3995 nos
702 3930 813 4006 crede,
844 3941 967 3991 utnon
992 3933 1161 3993 habeamus

141 4042 311 4109 consilium
331 4037 510 4105 declinandi
529 4036 606 4100 illud
624 4031 745 4097 suroris
762 4029 809 4092 tui
826 4027 995 4103 diluvium,
1016 4050 1082 4112 quo
1100 4051 1161 4093 ires

140 4144 340 4229 perfundere
374 4140 506 4223 cogites.
567 4136 782 4199 Vehementer
816 4143 851 4193 tu
892 4128 1021 4214 quidem
1058 4147 1162 4211 nuper

140 4244 306 4309 iraeuradis
323 4241 463 4324 percitus
486 4260 542 4319 es,
569 4256 643 4299 cum
660 4232 718 4297 tibi
744 4230 862 4297 dietum
880 4229 1009 4305 inisset,
1040 4250 1111 4313 quae
1129 4228 1163 4292 in

175 4472 207 4535 ⁴)
224 4486 322 4531 senuas
330 4514 340 4543 ,
357 4482 426 4531 setas.
463 4465 509 4539 ⁸)
526 4479 659 4536 Saturus,
678 4466 803 4525 Helvetiis.

175 4600 244 4645 run
263 4600 307 4657 ορ.
326 4600 354 4647 r.
374 4604 404 4652 u.
783 4572 825 4634 10
