2624 5108
428 900 431 907 .
514 844 844 923 oratioSecunda.
1110 859 1174 957 109

172 1054 244 1102 mee
261 1048 445 1119 argumenta
464 1036 535 1100 sint.
573 1040 645 1103 Hoc
670 1041 826 1121 ejusmodi
840 1054 911 1119 cst,
938 1044 1064 1126 quoties
1083 1045 1175 1124 dico,

163 1158 235 1201 eum
253 1158 307 1203 me
332 1160 422 1209 reum
440 1140 617 1216 adducere,
646 1142 687 1203 de
709 1162 774 1224 quo
799 1143 1052 1227 profligatissimo
1070 1149 1175 1211 omnia

160 1238 288 1321 prodita
306 1248 396 1313 suut3
424 1238 481 1324 qui
507 1239 698 1325 deosaeatque
717 1242 859 1307 homines
879 1247 1084 1333 contempsit3
1116 1248 1174 1332 qui

160 1338 259 1401 sacris
275 1358 401 1429 manum
420 1361 486 1405 non
505 1339 670 1418 abstinuit,
701 1343 865 1405 amicitiam
892 1346 1048 1426 prodidit,
1078 1347 1174 1412 fidem

160 1457 230 1501 non
248 1438 357 1503 tonuit.
406 1440 470 1521 Qui
491 1440 635 1517 audacia,
665 1442 714 1518 vi,
743 1443 871 1525 rapina,
903 1444 1102 1520 crudelitate,
1133 1465 1172 1508 ac

160 1537 281 1601 sevitia
292 1538 470 1604 Suevorum
483 1552 603 1604 terram
617 1542 703 1605 velut
713 1544 841 1607 horrida
853 1544 993 1628 quedam
1007 1555 1173 1625 tempestas

158 1651 351 1723 pervagatus
370 1650 434 1713 ως
459 1639 512 1723 qui
530 1642 623 1707 toties
641 1642 842 1705 innocentem
860 1645 1046 1728 sanguinem
1072 1644 1172 1722 ludit3

154 1737 210 1822 qui
230 1749 352 1802 tantum
371 1738 432 1803 sibi
449 1739 482 1803 in
503 1740 693 1816 Gerrmnos,
714 1755 865 1826 quantum
877 1743 911 1805 in
921 1755 1051 1807 exteros
1063 1766 1171 1822 nemo,

153 1838 248 1902 licere
266 1839 368 1902 voluit
375 1864 385 1915 ς
413 1839 470 1923 qui
489 1842 646 1905 seditione
673 1862 708 1904 ac
732 1843 832 1906 turbis
860 1843 1061 1911 Germaniam
1085 1867 1172 1909 com·

155 1939 272 2013 morin
302 1941 359 2023 qui
382 1962 471 2005 suam
498 1940 685 2025 conjugem,
716 1944 965 2008 honestissimam
991 1945 1169 2016 foeminam,

157 2040 243 2107 omni
262 2040 444 2124 asperitato,
479 2062 517 2104 nc
535 2043 650 2106 duritie
678 2043 829 2122 habitam,
871 2044 957 2117 omni
983 2045 1172 2110 contumelia

154 2140 349 2218 diversatum,
378 2142 533 2205 ementitis
552 2154 713 2225 postremo
734 2144 919 2208 criminibus
938 2144 1106 2222 infamare,
1133 2166 1171 2209 nc

151 2252 253 2304 morte
277 2241 435 2323 petinere
455 2263 621 2326 aggressus
640 2253 703 2318 est,
730 2246 844 2307 nullam
863 2244 954 2306 aliam
972 2244 1015 2313 ob
1034 2247 1168 2324 culpam,

154 2360 252 2423 quam
264 2340 338 2423 quia
353 2344 447 2406 talem
459 2342 627 2425 cognovit,
649 2354 680 2404 et
694 2343 769 2426 quia
783 2345 916 2406 insuam
928 2341 1167 2423 ttupitudiuem,

153 2460 296 2523 suosque
323 2462 425 2505 mores
461 2443 716 2523 perversissimus
746 2443 912 2505 traducere
942 2463 1008 2503 non
1046 2441 1166 2520 potuit,

152 2540 366 2627 quoniamque
395 2541 488 2606 fortis
517 2541 629 2605 mulier
656 2543 762 2606 necari
787 2542 910 2617 maluit,
947 2561 1043 2623 quam
1072 2563 1109 2605 ea
1133 2541 1167 2603 in

150 2662 184 2704 se
205 2641 318 2718 fateri,
348 2663 487 2726 quorum
512 2642 572 2705 sibi
595 2642 722 2724 conscia
746 2661 811 2702 non
837 2651 930 2703 esset.
971 2640 1092 2709 lterum
1115 2661 1167 2711 me

149 2740 312 2804 contineo,
350 2745 428 2824 Quae
452 2740 546 2823 hujus
572 2753 620 2806 est
638 2742 788 2817 felicitas,
817 2741 905 2824 quod
932 2762 970 2804 ea
994 2739 1165 2818 commisit,

152 2863 221 2926 quae
248 2841 309 2905 nisi
333 2843 374 2905 ab
391 2842 555 2923 impudico
585 2841 682 2923 objici
707 2864 773 2905 non
796 2852 924 2905 metuat.
964 2839 1085 2905 Contra
1103 2841 1166 2906 Dei

148 2942 223 3025 Opt.
239 2943 332 3006 Max.
345 2942 541 3024 benignitas,
563 2944 653 3025 quod
671 2963 709 3005 ea
728 2963 859 3027 quoque
879 2966 949 3026 quse
970 2963 1037 3007 non
1054 2941 1166 3007 (licun-

144 3056 217 3118 tur,
251 3056 326 3107 nota
359 3054 462 3107 tamen
488 3054 570 3105 sunt,
617 3045 685 3106 Nec
716 3039 780 3122 jam
807 3041 974 3126 mrisquam
1003 3053 1069 3119 est,
1109 3042 1165 3127 qui

146 3144 291 3227 ignoret,
321 3157 352 3207 et
380 3143 545 3227 quomodo
564 3144 644 3205 ltano
662 3142 721 3206 iste
745 3140 907 3217 habuerit,
938 3152 970 3204 et
988 3144 1052 3204 hac
1070 3141 1166 3206 istum

150 3244 416 3327 quemadmodum
434 3242 563 3326 fugerit.
601 3244 652 3307 De
677 3264 739 3325 qua
757 3261 793 3302 re
811 3230 946 3303 libenter
964 3239 1056 3314 dico;
1090 3239 1165 3322 qnia

147 3356 182 3407 et
204 3366 245 3407 oa
263 3355 314 3409 est
336 3342 546 3408 illustrissimae
565 3341 705 3407 mulieris
725 3341 871 3418 fortuna,
902 3362 972 3424 que
991 3338 1165 3411 miseratio·

144 3444 322 3510 uerrrlscile
338 3456 482 3519 moveat,
501 3456 534 3505 et
552 3443 595 3506 ita
606 3442 675 3525 ejus
687 3442 842 3506 calamitas
855 3441 974 3506 nostris
992 3461 1027 3503 se
1041 3437 1164 3501 casibus

143 3545 307 3627 adjunxit,
326 3556 364 3609 ut
380 3566 441 3627 pro
461 3544 620 3608 communi
636 3541 744 3609 haberi
763 3552 931 3606 mereatur.
971 3540 1068 3622 Quod
1087 3538 1164 3602 illud

144 3665 279 3727 quoque
303 3643 445 3721 accedit,
482 3646 571 3727 quod
596 3661 756 3725 nunqnam
782 3641 816 3703 in
845 3639 942 3722 hujus
972 3640 1164 3703 mentionem

144 3745 270 3821 incido,
289 3746 369 3830 quin
386 3765 445 3807 vos
466 3747 667 3809 vehementer
679 3739 874 3803 commoveri
899 3741 1040 3804 sentiam.
1078 3738 1165 3823 Quid

142 3844 338 3909 mirrrm?1n
356 3855 472 3909 tantam
489 3844 663 3919 fortunam,
682 3842 774 3904 talem
793 3837 1023 3911 innocentiam,
1042 3838 1162 3920 turpia,

140 3946 247 4021 toeda,
277 3943 414 4023 atrocia,
447 3966 485 4009 ac
513 3947 582 4011 dira
613 3941 717 4007 omnia
743 3937 904 4003 recidisse.
948 3937 1007 3999 Me
1034 3939 1164 4021 quidem

140 4056 233 4108 extra
259 4065 361 4109 meam
386 4067 510 4111 causam
536 4041 751 4110 vehementius
776 4037 853 4103 nihil
872 4046 990 4101 movet.
1028 4038 1070 4098 Et
1089 4035 1165 4119 quie

141 4149 280 4213 maxima
302 4160 400 4226 srmt,
430 4170 501 4232 quse
530 4144 601 4208 tulit
626 4144 757 4218 misera,
789 4153 821 4204 et
849 4137 924 4223 quia
948 4137 1065 4200 virtute
1093 4132 1163 4216 ejus

142 4248 370 4333 indignissima.
411 4245 494 4312 Cum
512 4245 659 4310 invictam
677 4243 761 4305 enim
780 4240 869 4304 istius
890 4238 1054 4314 malitiam,
1080 4256 1163 4299 sum·

143 4371 224 4415 mern
256 4348 519 4432 asperimdinem,
549 4343 765 4408 incredibilem
792 4341 1012 4415 acerbitatem,
1044 4336 1163 4400 diutius

142 4449 403 4537 quindennis·
416 4441 949 4527 sexirsimbccillitatecredatquis,
966 4436 1164 4505 sustinuisset
