2624 5108
604 714 714 835 ⁸Exul.

520 911 790 1037 Pasqpillus.

227 1047 433 1131 Quasnam?

590 1159 731 1231 Cyrus

226 1251 429 1313 Annatarum.

196 1412 199 1419 .
526 1356 793 1431 Pasquillus.

226 1448 264 1511 ld
292 1460 404 1531 quarto
432 1448 510 1511 mihi
537 1451 611 1510 loco
635 1451 828 1511 stomachum
851 1461 974 1526 movet,
1007 1470 1072 1532 quo
1097 1449 1172 1512 hinc
1203 1480 1206 1487 ·

149 1551 325 1625 discedam,
367 1561 401 1611 ut
427 1552 479 1613 vel
502 1549 578 1611 clivo
606 1550 728 1612 Jacobo
758 1551 798 1611 de
823 1551 871 1613 his
901 1549 1020 1612 annalis
1046 1572 1171 1632 querar.

150 1651 224 1713 Scio
248 1673 326 1733 ego,
354 1663 429 1712 tunc
455 1653 508 1728 (ut
527 1671 560 1715 es
578 1652 696 1724 solers)
720 1649 783 1731 jam
804 1650 909 1725 vides,
931 1660 1083 1734 qnantum
1102 1651 1172 1712 anri

151 1750 235 1812 illinc
254 1752 292 1812 sit
307 1753 462 1813 haustum.
501 1751 553 1815 Ad
566 1772 665 1814 anrros
685 1762 821 1833 quatuor
841 1747 968 1811 Calixto
988 1750 1047 1831 ipsi
1066 1771 1171 1814 assen-
1196 1752 1200 1757 ’

151 1871 223 1915 aere
252 1851 421 1930 principes.
477 1852 546 1914 Jam
571 1852 610 1913 ad
637 1872 752 1928 annos,
789 1872 870 1933 quos
897 1850 1002 1925 sides,
1034 1852 1171 1926 durant,

151 1962 307 2032 perpetuo
327 1952 379 2026 (ni
391 1950 554 2032 Principes
566 1950 767 2031 resipiscant)
778 1953 944 2014 durature.
964 1953 1031 2019 Nec
1043 1951 1075 2013 in
1092 1952 1172 2014 urbe
1210 1960 1217 1979 ⁸

150 2050 322 2136 quispiam.
354 2053 409 2133 qui
430 2053 481 2116 vel
499 2051 574 2112 sciat
592 2065 700 2116 contra
722 2074 775 2116 eas
794 2053 915 2115 'l'urcas
937 2051 1172 2131 impendendas.

149 2153 219 2216 Jam
236 2151 269 2214 in
289 2151 397 2214 officiis
421 2151 546 2233 publice
575 2151 801 2216 divenduntur.
847 2154 897 2215 Ae
913 2149 1020 2213 miseri
1039 2150 1172 2212 Barbari

149 2252 210 2332 ipsi
228 2251 338 2330 (nimis
360 2263 480 2327 antem,
513 2251 605 2315 nimis
631 2251 791 2328 Graecani,
826 2273 879 2327 ac,
911 2251 937 2313 si
955 2249 1069 2325 mavis,
1090 2250 1171 2312 ltali-

149 2350 240 2426 cani)
276 2355 425 2415 hactenns
461 2372 577 2435 magno
612 2354 754 2434 ipsorum
787 2350 1011 2425 incommodo,
1051 2349 1173 2430 jactura

148 2450 287 2533 majore,
314 2454 360 2516 uti
378 2453 501 2529 bestiae,
527 2474 563 2515 ac
583 2454 723 2521 omnium
743 2451 1005 2534 ignorantissirni,
1033 2453 1072 2516 ab
1088 2453 1171 2515 ltaiis

147 2553 289 2630 refutati,
318 2576 431 2619 census
447 2557 505 2618 hos
526 2566 664 2629 annuns,
686 2565 796 2618 contra
812 2555 932 2626 Deum,
954 2549 1022 2632 jus,
1045 2553 1172 2635 acquita-

147 2664 210 2714 tem
226 2654 458 2736 impenderunt.
496 2658 539 2717 Et
554 2655 615 2718 nisi
631 2653 796 2734 Principes
816 2656 870 2729 (ut
886 2653 979 2733 paulo
996 2662 1067 2715 ante
1086 2651 1173 2726 dixi)

147 2754 349 2834 resipiscant,
390 2777 450 2818 nec
492 2777 544 2818 eas
581 2752 727 2817 Barbaris
762 2754 911 2827 sufficiet,
959 2775 1024 2836 quo
1060 2755 1175 2816 horum

148 2855 288 2918 omniurn
320 2857 449 2919 avaritia
476 2859 651 2936 expleatur.
702 2855 753 2918 Ob
780 2855 813 2916 id
834 2855 969 2917 maxime
1000 2853 1073 2915 hinc
1098 2855 1174 2917 mihi

146 2953 345 3029 abeundum,
375 2978 416 3019 ne
432 2957 566 3020 inferius
584 2968 670 3018 terra
690 2976 741 3016 me
761 2956 888 3018 tandem
908 2955 1085 3017 absorbeat.
1124 2957 1174 3018 Ac

145 3052 364 3140 tamdiuitlinc
381 3067 575 3132 moraturus,
597 3057 703 3140 quoad
719 3058 806 3119 Deus
822 3056 992 3131 maximus,
1013 3055 1172 3141 divusque

146 3151 262 3213 Petrus
284 3173 350 3213 rem
368 3153 402 3214 in
423 3156 586 3220 meliorem
604 3156 798 3221 restituerint
814 3155 959 3219 formam.

588 3267 735 3337 Cyrus

220 3353 236 3414 l
260 3373 339 3434 ergo
360 3353 455 3428 felix,
494 3376 531 3417 ae
553 3355 658 3439 siquid
685 3356 816 3436 Hispani
843 3356 1046 3438 parturierint
1075 3358 1171 3433 salvi,

143 3474 203 3516 nos
226 3456 413 3536 quantocius
440 3466 543 3519 certos
565 3458 674 3519 redde.
718 3456 801 3520 Nihil
829 3458 913 3520 enim
937 3469 1050 3540 praeter
1071 3457 1173 3522 Caro·

143 3557 209 3618 ium
231 3557 480 3637 potentissimum
504 3577 613 3640 regem
630 3556 722 3618 nobis
741 3557 818 3618 salvi
839 3569 887 3617 cst
907 3559 1059 3621 relictum.

524 3659 790 3739 Pasquilius.

219 3757 300 3819 Vale
326 3757 437 3834 frater,
473 3779 533 3840 pro
565 3777 616 3819 me
649 3757 690 3819 ad
720 3757 825 3818 Deum
857 3757 1027 3820 inanimum
1064 3781 1175 3838 preces

143 3858 309 3920 effundite.
360 3860 392 3922 si
430 3861 616 3943 quicquam,
654 3878 727 3919 curn
755 3853 907 3918 redierint
947 3858 1062 3938 legati,
1097 3862 1175 3922 nori

142 3957 322 4034 sturnini,
367 3960 406 4022 ad
441 3959 563 4023 ultimas
590 3957 814 4041 Hispaniarum
852 3976 923 4020 oras
962 3955 1038 4018 milri
1075 3958 1173 4022 mitte.

141 4058 234 4119 Vale.
256 4091 289 4104 -
