2624 5108
201 847 271 919 562
642 836 770 920 Oratio

204 1034 346 1103 nonduin
371 1035 491 1101 noeult.
550 1032 612 1095 Hie
637 1029 758 1111 ubique
788 1040 958 1114 grassetur·
973 1039 1005 1091 et
1031 1029 1220 1109 snngtrinem

204 1136 392 1199 miscrorum
411 1133 491 1208 sitit,
510 1136 594 1196 hunc
612 1131 788 1197 Cerberum
805 1131 892 1195 nullo
911 1131 1008 1201 modo
1031 1129 1142 1192 sedere
1158 1151 1221 1210 po·

203 1232 306 1311 testis,
346 1233 406 1299 nisi
433 1254 531 1296 aureo
553 1232 663 1300 fluvio.
716 1229 797 1296 ttihit
822 1229 929 1303 arnis,
968 1228 1044 1296 nihil
1073 1230 1222 1297 exercitu

205 1355 287 1414 opus
306 1343 362 1396 cst.
400 1333 477 1395 P-lnr
495 1331 644 1400 valebunt
664 1328 817 1403 Decime,
838 1350 931 1410 quern
950 1328 1092 1411 equiturn
1111 1339 1221 1391 tnnnte

205 1445 237 1499 et
255 1434 387 1501 nlilitum
412 1433 521 1513 copie.
562 1430 695 1508 ¹Duplex
718 1428 793 1497 milri
814 1428 940 1493 videtur
966 1429 1016 1493 uia
1036 1429 1219 1510 proposita,

204 1534 281 1597 dum
300 1556 367 1596 rem
386 1529 564 1612 diligentius
583 1529 771 1601 considero,
792 1549 853 1593 uno
873 1550 941 1609 qun
958 1527 1087 1605 jubente
1106 1550 1220 1608 supcr-

205 1634 331 1697 stitione
340 1679 354 1707 ,.
380 1628 605 1707 inrumperit,
631 1631 725 1690 altere
746 1648 815 1711 quse
832 1629 1038 1690 renuentibus
1061 1628 1220 1708 pontilicis

205 1734 323 1801 lulrnen
342 1733 486 1798 minotio.
529 1729 638 1791 utram
662 1726 754 1793 vultis
771 1726 981 1807 ingredimini,
1021 1729 1081 1788 Sed
1104 1748 1124 1788 o
1141 1729 1220 1792 stul.

205 1846 267 1896 tam
301 1841 332 1892 et
372 1827 617 1907 superstitiosam
649 1827 832 1912 opinionem
864 1828 1057 1895 credentium
1092 1830 1219 1893 celeste

204 1951 340 2003 numen,
369 1929 473 1989 omnia
489 1928 583 2008 coquis
606 1927 706 1992 oculis
725 1927 871 2003 intuens,
898 1929 938 1992 ad
957 1939 1067 1991 nutum
1084 1928 1220 1997 Floren-

203 2031 341 2100 tinorum
360 2026 444 2089 llccti
466 2037 497 2089 et
522 2027 650 2095 reflecti,
694 2026 791 2088 lrnsoi
806 2048 870 2087 non
894 2027 996 2102 darni,
1035 2040 1067 2088 ot
1091 2047 1219 2093 rursum

202 2129 346 2210 largienti
374 2127 498 2207 placari.
546 2127 619 2187 Non
644 2139 691 2191 est
715 2126 830 2190 Christi
856 2125 963 2192 vicarii
992 2127 1110 2193 tulmen
1139 2148 1219 2190 con·

202 2229 422 2301 temnendum,
458 2226 513 2289 sed
535 2228 601 2286 noir
625 2247 748 2304 semper
774 2226 813 2290 ab
839 2227 920 2289 illius
944 2228 1027 2307 jectu
1055 2230 1217 2308 pertimes-

202 2330 356 2400 cendum,
374 2325 542 2408 presertim
552 2347 623 2391 cum
636 2347 685 2387 res
698 2327 801 2407 agitur
816 2349 875 2408 pro
889 2328 1029 2391 humanis
1042 2329 1217 2406 affectibus,

203 2426 320 2498 Christi
337 2426 582 2508 indignationem
592 2446 721 2501 vercor,
742 2428 995 2496 florentinorum
1007 2449 1072 2490 non
1088 2449 1217 2497 vereor.

201 2527 271 2590 Jnm
286 2547 364 2592 vero
380 2529 635 2591 Florentinornm
657 2527 819 2606 negotium
846 2529 965 2608 agitur,
1000 2549 1064 2596 non
1086 2527 1214 2592 Christi.

202 2627 370 2706 Superiori
391 2640 493 2697 testate
523 2638 647 2706 sumptu
673 2624 846 2688 incredibili
874 2627 988 2693 bellum
1016 2640 1137 2710 gestum
1168 2638 1216 2691 est

202 2738 310 2789 norrtra
326 2727 527 2795 Frnrciscnrn
543 2728 654 2793 ducem
674 2727 872 2801 Urbinatem‚
893 2749 958 2810 qno
979 2749 1080 2809 regno
1099 2731 1214 2809 ejecto,

201 2827 257 2888 sed
283 2827 370 2907 prius
392 2830 510 2906 placato
540 2846 634 2889 aurea
660 2827 772 2907 gratio.
801 2827 991 2893 Laurentius
1015 2829 1159 2896 Mediccs
1183 2831 1231 2896 in·

200 2926 303 2989 locunt
321 2927 481 2992 successit.
532 2926 580 2989 lbi
605 2946 668 2987 non
694 2926 766 2988 solis
785 2927 935 3005 providus
958 2927 1018 2989 luit
1041 2929 1142 2991 Julius
1166 2930 1212 3006 lt,

202 3028 291 3109 quod
308 3048 374 3089 non
391 3029 461 3110 plns
480 3027 546 3089 euri
565 3025 701 3107 reliquit.
742 3029 832 3107 Ergo
852 3026 977 3091 invento
997 3027 1058 3090 luit
1074 3030 1213 3111 qnaedom

201 3126 286 3193 irtus
297 3148 399 3202 trove,
426 3128 608 3211 quicunqne
623 3129 710 3206 pluro
725 3127 799 3187 dere
814 3137 984 3204 potnerunt
1002 3128 1213 3203 cardinalium,

120 3288 126 3301 ‘
200 3227 233 3295 hi
252 3227 372 3312 inventi
392 3238 464 3293 runt
484 3229 680 3308 conspirasse
703 3227 736 3287 in
754 3246 864 3289 nonem
884 3228 1050 3306 pontilicis,
1089 3231 1215 3294 llorunt

199 3326 284 3393 hono
312 3333 390 3393 {isco
410 3331 674 3400 adscribebantur,
712 3329 885 3395 Subsernto
904 3340 950 3391 est
973 3329 1127 3391 discordis
1149 3329 1214 3391 lra-

199 3437 282 3494 trnm
297 3429 554 3509 condignorum,
576 3450 663 3509 qun,
685 3440 834 3509 qttantum
848 3429 925 3495 lucri
945 3430 1079 3494 attulerit
1097 3430 1214 3502 rabulis

198 3522 409 3599 Florentinis,
438 3549 504 3591 rom
524 3549 583 3608 pro
602 3531 761 3594 voluntate
782 3528 814 3590 in
839 3550 947 3595 omnes
965 3541 1066 3608 portes
1085 3532 1215 3595 florem

198 3623 299 3698 tilius,
328 3624 405 3707 qnid
426 3625 535 3696 attinet
555 3627 705 3693 uerrere?
733 3649 805 3713 curn
823 3630 917 3692 fidrm
937 3639 1065 3709 superet
1088 3631 1213 3708 largitio

198 3723 425 3792 mendicorum.
464 3728 537 3791 Non
550 3728 627 3800 lihct
644 3749 769 3798 nemore
784 3740 902 3794 erectas
918 3749 1028 3799 cruces
1043 3729 1212 3792 salvatoris

198 3836 385 3906 peronneto
405 3827 541 3906 oppido,
560 3831 599 3890 od
621 3850 794 3897 mensnram
812 3833 912 3894 dentis
928 3830 1089 3910 propitios,
1125 3830 1212 3891 Prre·¹

197 3939 288 3991 terco
310 3948 433 3999 sconem
453 3928 494 3992 tle
513 3931 579 3997 udo
605 3931 710 4006 Petri,
744 3941 777 3992 ct
801 3931 898 4005 risus,
931 3941 962 3991 et
989 3927 1212 4010 indignationis

199 4031 329 4107 plenam.
375 4032 540 4109 'templum
565 4031 704 4105 domini,
732 4034 880 4110 templum
900 4029 1035 4106 domini,
1065 4031 1215 4108 tenplum

198 4128 316 4193 domini
342 4133 447 4192 clamat
469 4121 636 4210 propheta,
673 4130 728 4193 scd
752 4152 816 4198 non
840 4142 887 4193 ert
912 4133 1058 4210 templum
1082 4129 1216 4200 domini,

197 4231 388 4292 Laurentius
402 4231 544 4302 edificat,
566 4251 628 4290 non
648 4231 772 4292 Petrus.
803 4231 940 4310 Lapides
955 4243 1049 4292 noctu
1066 4230 1213 4311 migrant.

198 4330 280 4391 Nihil
294 4330 344 4390 hie
358 4334 445 4410 lingo
461 4330 617 4408 principes
635 4331 769 4392 llomoni
787 4331 909 4412 imperii
923 4331 985 4393 imo
1002 4330 1088 4395 orbis
1101 4331 1212 4402 totins,

199 4427 314 4490 Cuncti
332 4430 534 4495 sollicitantur
559 4450 619 4509 pro
637 4432 704 4495 aede
727 4432 830 4508 Petri,
862 4431 894 4495 in
915 4454 978 4518 qua
1004 4434 1067 4495 (lun
1090 4444 1212 4495 tontum
