2624 5108
687 460 697 481 ἱ

146 920 210 994 166
381 916 425 991 In
448 892 637 989 Uirichum
659 909 912 1013 Wirtenberg.

143 1112 284 1175 omnium
301 1107 411 1173 odium
425 1106 585 1182 incidisti,
607 1104 764 1188 publicam
780 1104 994 1169 infensionem
1009 1102 1164 1169 meruisti.

142 1213 229 1296 Quin
257 1211 352 1273 etiam
383 1209 460 1272 odio
490 1210 657 1289 plusquam
689 1207 793 1270 hostili
818 1204 943 1269 haberis
973 1205 1058 1286 apud
1087 1224 1163 1280 eos,

141 1312 348 1395 quibuscum,
369 1309 430 1373 nisi
443 1307 647 1373 amicissimus
659 1308 718 1383 sis,
739 1328 809 1370 esse
822 1328 889 1369 non
900 1312 1004 1388 potes.
1041 1306 1165 1369 nostre

141 1411 273 1475 aetionis
289 1414 375 1473 nullu
393 1394 596 1487 invidisses,
626 1429 720 1472 causa
738 1408 819 1470 adeo
839 1408 1008 1491 aequa,'ut
1026 1428 1069 1470 ne
1090 1427 1168 1468 eon-

140 1512 251 1576 viciari
274 1513 405 1594 quidem
429 1530 609 1574 vereamur.
658 1510 766 1593 Atque
784 1511 846 1571 hoc
865 1520 913 1569 est
933 1508 1023 1591 quod
1039 1508 1072 1584 *l
1090 1510 1168 1601 iptos

141 1612 311 1676 adversum
339 1624 370 1675 te
396 1609 694 1692 puricum-suns
720 1608 877 1674 Caesarem
895 1604 1167 1686 Maximiliantim,

141 1734 251 1777 munes
273 1712 416 1794 equites,
444 1732 570 1775 omnem
594 1710 770 1773 Germaniae
795 1710 938 1792 plebem,
967 1710 1169 1773 commiseru-

139 1798 229 1876 tiiine
244 1811 423 1875 calamitatis
442 1822 559 1877 nostrai
572 1810 740 1874 movimus.
780 1812 834 1873 Tu
849 1810 1046 1895 indignitati,
1072 1822 1169 1896 atque

142 1914 219 1977 odio
241 1916 419 1991 obnoxius,
440 1916 479 1977 ab
499 1915 645 1979 omuibus
663 1914 826 1987 desertus,
853 1930 889 1973 ae
908 1910 1073 1992 proditus,
1093 1912 1168 1975 nihil

140 2027 244 2078 tutum
270 2016 383 2091 habes,
423 2029 597 2097 occupatus
614 2018 754 2094 ¹&imper
787 2036 840 2088 es,
889 2033 926 2075 ac
956 2008 1168 2076 multiformis.

142 2115 233 2179 lntus
255 2115 468 2179 sollicitudine
486 2119 656 2191 laceratus,
676 2114 760 2177 euris
778 2132 991 2190 commorsus,
1012 2114 1167 2175 anxietate

140 2216 314 2293 ἰίκίεειιε,
350 2216 543 2283 εοηεοίωῑία
570 2219 725 2282 malorum
751 2225 865 2277 tortus.
923 2218 1028 2298 (luam
1055 2212 1169 2294 impari

139 2318 239 2403 igitur
257 2319 443 2383 conditione
460 2318 601 2401 agimus,
624 2329 659 2380 lu
674 2318 839 2398 princeps,
862 2320 911 2394 (ut
928 2317 974 2380 sie
990 2319 1030 2381 ad
1045 2327 1168 2398 tempus

141 2432 173 2484 te
188 2424 316 2498 vocem)
336 2442 399 2504 ego
416 2442 526 2505 eques.
566 2422 619 2482 'l'u
637 2416 722 2482 einim
738 2418 843 2480 omnia
858 2418 1043 2500 suspicaris,
1063 2420 1170 2483 omnia

141 2522 267 2588 metuis.
305 2522 358 2586 Au
375 2522 497 2597 omnia,
524 2543 593 2605 qttae
617 2518 764 2595 auribus,
791 2531 886 2603 atque
905 2519 1005 2583 oeulis
1022 2520 1169 2583 accidere

142 2635 292 2703 possunt,
320 2624 483 2703 perculsus
507 2644 552 2683 es.
593 2622 696 2683 Tuam
711 2622 761 2694 *ἢ
781 2624 922 2685 umbram
942 2620 1042 2683 times.
1082 2621 1167 2682 Nihil

142 2734 205 2785 tam
236 2723 391 2786 munitum
430 2725 541 2797 habes,
592 2722 644 2782 cui
684 2722 811 2786 iusidias
840 2741 914 2793 ¹non
953 2720 1167 2805 pertimescas.

142 2824 311 2886 Neminem
329 2825 370 2884 ad
385 2836 417 2884 te
439 2843 510 2884 cum
527 2824 591 2882 telo
613 2822 757 2885 admittis.
798 2822 949 2888 Omnium
963 2836 1085 2887 vestem
1098 2824 1169 2899 m)

144 2923 305 2987 scrutaris.
354 2922 407 2984 Ad
431 2921 573 2983 omnium
599 2943 708 2984 manus
745 2922 885 2985 intentos
919 2924 1016 2987 hahes
1047 2928 1168 2990 oeulos.

143 3024 197 3090 Ad
211 3021 279 3102 ipsa
305 3022 428 3098 altaria,
461 3021 495 3083 in
514 3023 610 3086 sacris
634 3023 762 3087 insidias
783 3025 963 3105 suspicaris.
1001 3026 1086 3091 Nihil
1107 3039 1170 3089 tam

144 3123 308 3204 pusillum,
334 3134 398 3185 tam
415 3122 589 3198 minutum,
621 3134 748 3207 tamque
771 3124 945 3189 invalidum
962 3139 1026 3203 est,
1065 3150 1169 3212 aquo

145 3237 177 3288 te
197 3237 284 3289 metu
301 3224 428 3289 liberes.
467 3223 586 3307 quue,
608 3236 640 3287 et
655 3227 710 3308 qui
726 3226 759 3286 in
772 3225 854 3289 iacie
866 3230 957 3291 color
973 3239 1038 3303 est,
1065 3229 1105 3290 sb
1116 3230 1169 3293 illo

145 3326 279 3409 pristino
302 3326 468 3390 manifeste
488 3325 681 3401 immutatus,
706 3338 737 3389 et
753 3329 842 3410 quod
861 3338 894 3389 tu
913 3329 997 3390 aliud
1015 3331 1170 3412 loqueris,

145 3427 230 3489 aliud
248 3447 330 3506 pene
346 3426 445 3506 spiras
464 3436 605 3492 testatur.
643 3427 686 3489 At
704 3449 784 3511 ego,
804 3426 909 3489 cuitu
928 3427 1170 3506 insimulans,

145 3527 237 3605 eujus
260 3524 373 3601 vitam,
410 3546 448 3591 su
476 3528 662 3611 sanguinem
688 3531 787 3609 petis,
825 3527 904 3614 quid
927 3528 1049 3592 interea
1078 3534 1171 3613 ago?

145 3623 194 3686 Ita
211 3646 262 3688 me
282 3637 440 3690 servatum
458 3627 534 3690 velit
552 3629 641 3692 Deus
661 3629 736 3708 Opt.
751 3631 842 3695 Max.
863 3628 954 3693 sicuti
966 3629 1043 3693 nihil
1059 3631 1170 3710 timeo,

145 3726 220 3789 nihil
247 3727 419 3808 prospicio,
471 3729 613 3794 Primum
640 3730 724 3794 eslim
751 3731 945 3795 conscientia
974 3752 1025 3796 me
1051 3743 1170 3810 tueor,

146 3827 261 3889 deinde
295 3828 361 3903 tui,
398 3831 487 3913 quod
513 3831 677 3910 publicum
704 3840 769 3904 est,
810 3831 885 3893 odio
912 3832 1061 3896 defensus
1093 3832 1171 3896 mihi

146 3925 270 3990 videor.
299 3930 406 4008 Quare
420 3931 515 3996 etiam
525 3931 762 3994 interfectorem
773 3930 830 3995 tibi
842 3932 954 3994 deesse
964 3943 1060 4014 puto,
1081 3936 1171 4018 quod

145 4028 304 4091 neminem
324 4030 366 4094 ita
385 4032 424 4092 ab
444 4032 633 4097 humanitate
659 4032 860 4108 derelictum,
889 4035 1083 4110 existimem,
1115 4037 1171 4118 qui

146 4149 247 4192 meam
261 4131 472 4193 innocentiam
489 4132 640 4193 offensam
653 4134 738 4197 velit.
765 4135 908 4199 Proinde
925 4147 1047 4199 tantum
1059 4135 1169 4198 abesse

146 4241 239 4310 puta,
269 4242 304 4292 ut
331 4230 472 4308 timeam,
509 4243 544 4294 ut
574 4233 667 4301 etiam
690 4255 776 4298 nune
803 4236 1022 4300 adversarium
1040 4258 1091 4300 me
1112 4237 1168 4299 tibi

148 4378 341 4391 ῃ

182 4457 207 4514 *l
226 4468 348 4514 zwischen
368 4469 558 4526 quod-istos:
584 4488 630 4521 nos
649 4476 869 4533 durchgestrlcheu.
913 4466 959 4535 **)
982 4478 1076 4535 Tuam,
1101 4482 1171 4525 tuam.

184 4542 246 4601 Ψ)
264 4561 375 4603 uestem.
394 4556 481 4610 lugam.
