2624 5108
539 882 771 991 Deploratis.

144 1081 288 1151 virgineo
306 1082 459 1154 quondam
479 1081 626 1148 demessi,
646 1081 782 1150 languida
798 1086 918 1145 mittunt

141 1176 291 1234 Paulatim
310 1178 399 1242 folia,
418 1185 448 1230 et
464 1191 559 1228 succo
579 1164 732 1230 arescente
750 1181 950 1250 recumbunt,

140 1269 387 1342 Dissimilemque
409 1269 454 1324 sui
475 1268 610 1340 praebent
625 1270 814 1343 faciemque,
835 1276 1043 1348 coloremque.

143 1366 229 1421 Haud
247 1375 348 1418 manet
366 1364 414 1417 illc
432 1364 519 1432 vigor
536 1363 673 1434 priscus,
694 1381 791 1436 neque
810 1383 933 1436 surgere
953 1370 1049 1423 flacco

146 1458 235 1514 Caulo
249 1467 375 1530 queunt.
396 1458 459 1511 Heu
471 1448 554 1511 triste
568 1457 594 1524 ¹)
606 1459 707 1511 nefas!
726 1459 786 1513 heu
806 1459 922 1515 infanda
931 1502 940 1529 ‚
958 1480 1016 1518 nec
1034 1479 1165 1542 unquam

144 1550 212 1607 Visa
231 1552 316 1623 prius
335 1551 453 1618 feritas,
470 1567 560 1621 quam
577 1551 658 1604 nulla
675 1554 829 1619 agnoverit
849 1558 936 1610 retas!

145 1644 231 1699 Hanc
249 1643 302 1698 tibi
321 1645 492 1700 mercedem
510 1644 625 1698 dederit
642 1653 690 1698 tua
709 1646 831 1700 candida
849 1647 969 1704 virtus?

142 1739 284 1797 insontes
307 1736 441 1792 dederint
462 1739 590 1792 mores?
607 1737 752 1792 miserere
770 1740 911 1794 Deorum

143 1833 243 1908 Quem
262 1832 357 1899 magis
376 1830 432 1885 ista
450 1837 575 1884 movent
582 1849 592 1898 3
612 1830 683 1884 sinis
702 1849 738 1884 an
757 1847 914 1904 superesse
932 1844 1096 1890 nocentem

145 1926 204 2000 Qui
223 1935 283 1979 taur
301 1933 411 1995 sponte
430 1926 544 1979 nocet?
560 1940 618 1978 uec
636 1923 664 1977 in
684 1915 738 1979 h'as
759 1926 814 1979 erit
831 1927 904 1980 ultio
926 1928 1067 1985 fraudes?

146 2022 185 2075 At
202 2029 230 2073 te
247 2019 355 2073 hostile
373 2032 481 2073 nemus
494 2018 634 2087 juvenis,
653 2028 814 2090 sontesque
831 2019 977 2076 tenebunt

150 2115 236 2168 Caede
257 2121 307 2166 tua
324 2121 433 2179 terrae,
455 2128 513 2165 nec
532 2127 597 2182 quae
613 2111 666 2166 tibi
687 2113 838 2167 clauderet
856 2113 929 2170 istos

144 2209 326 2283 Expirautes
346 2207 476 2274 oculos,
495 2205 609 2275 conjux
627 2205 701 2273 fuit,
725 2215 774 2260 aut
791 2206 843 2260 tibi
862 2208 964 2263 lumen

148 2302 282 2359 Poneret
300 2303 427 2356 admota
447 2298 554 2367 refugo
567 2299 631 2368 jam
649 2299 789 2367 sanguine
808 2301 941 2369 dextrae,

150 2395 278 2450 Diceret
295 2403 465 2448 extremum
485 2400 625 2446 contacto
644 2392 757 2448 vertice
775 2410 934 2462 murmur,

151 2487 315 2543 Mundaret
333 2486 458 2540 tumidas
477 2485 612 2538 absterso
632 2485 772 2552 sanguine
790 2486 900 2555 plagas.

149 2582 190 2635 At
206 2594 281 2646 uos,
298 2596 363 2651 quae
381 2586 518 2650 superest
535 2577 647 2647 pictas,
667 2592 792 2647 quaeque
808 2593 867 2631 uua
887 2577 1031 2647 facultas,

148 2673 298 2728 Mittimus
319 2674 459 2739 inferias,
479 2680 508 2724 et
526 2670 623 2740 siquid
641 2668 746 2736 thura,
764 2685 932 2741 precesque

152 2766 291 2820 Solantur
309 2767 450 2833 cineres,
467 2782 525 2837 pro
546 2774 574 2817 te
595 2763 698 2816 damus
717 2762 817 2817 omnia
834 2762 943 2830 moesti,

152 2858 318 2919 Omniaque
336 2857 553 2928 obsequimur,
571 2872 668 2926 neque
678 2897 688 2924 ,
707 2856 731 2910 si
749 2867 798 2912 tua
815 2855 902 2912 busta
916 2854 1034 2926 juvabit

135 2952 262 3008 ,Tristis
278 2952 398 3021 honos,
417 2952 543 3006 deerunt
560 2949 719 3020 lacryma,
736 2950 882 3023 fletusque
899 2959 1033 3006 tuorum.

187 3191 216 3241 ⁸)
231 3193 313 3236 triste.
351 3192 428 3247 lurptti
