2624 5108
549 769 587 844 in
612 766 762 844 Turcas.
1097 773 1169 845 503

155 985 255 1033 annos
278 964 437 1047 patimini,
466 981 575 1027 omues
599 962 688 1027 domi
707 983 745 1026 ac
762 962 843 1028 foris
866 962 1025 1041 homines,
1052 961 1170 1048 quibus

155 1065 305 1130 auxilium
324 1086 343 1126 a
363 1064 455 1127 vohis
471 1065 590 1133 nullum
608 1074 671 1139 est,
701 1062 776 1146 quia
792 1063 968 1128 labentibus
988 1065 1084 1129 rebus
1104 1085 1170 1130 non

154 1163 351 1240 succurritis,
367 1165 442 1247 quia
454 1173 593 1239 vestros,
609 1162 684 1246 quia
699 1163 882 1247 imperium,
899 1165 974 1247 quia
988 1164 1120 1247 patriam
1134 1186 1171 1229 ac

153 1263 339 1346 religionem
350 1264 523 1345 negligitis,
535 1274 670 1333 vestram
684 1264 777 1327 vobis
789 1267 986 1348 opprobrare
997 1266 1172 1335 desidiam?

153 1374 289 1428 vestram
306 1363 484 1447 ignaviam?
514 1364 633 1427 Praeter
649 1364 833 1448 dignitatem
849 1377 897 1429 est
911 1364 971 1430 ista
984 1388 1043 1429 vos
1062 1367 1172 1432 audire

156 1465 233 1542 (sed
252 1464 401 1540 audietis,
422 1467 526 1530 donec
544 1485 610 1526 nou
628 1464 710 1527 iliam
723 1477 863 1530 veterem
876 1466 987 1531 deletis
1002 1470 1173 1551 maculam)

154 1587 225 1650 quae
243 1577 279 1627 ut
295 1587 355 1630 vos
376 1566 486 1630 audire
504 1564 630 1646 possitis
650 1586 709 1628 nos
727 1586 794 1629 non
812 1565 996 1647 poterimus.
1034 1567 1172 1655 Creditis

153 1664 239 1729 enim
264 1686 330 1729 non
353 1665 606 1731 molestissimum
630 1665 723 1728 nobis
749 1664 912 1743 accidere,
945 1668 972 1730 si
997 1668 1068 1752 quis
1087 1669 1174 1749 apud

151 1778 299 1842 exteros,
319 1779 425 1831 vestra
442 1767 533 1830 nohis
549 1767 643 1844 vitia,
664 1766 697 1829 id
715 1767 804 1850 quod
820 1766 1016 1851 frequenter·
1026 1768 1172 1853 contigit,

154 1864 291 1947 objiciat.
339 1870 442 1948 Quam
467 1865 595 1929 invitus·
609 1886 745 1950 namque
772 1866 879 1929 audivi
901 1866 936 1930 in
960 1867 1064 1946 ltalia,
1095 1870 1171 1933 tales

152 1986 238 2029 nunc
260 1966 353 2029 hahet
371 1965 539 2031 Germania
558 1967 748 2049 Principes?
785 1971 828 2031 Et
844 1967 986 2032 sciebant
1006 1969 1068 2045 illi,
1100 1991 1172 2061 qua

152 2065 205 2129 tric
215 2077 384 2149 agerentur
398 2065 517 2142 omnia,
536 2088 572 2129 ac
582 2067 711 2149 ‘penitus
727 2070 892 2153 quomodo
908 2078 973 2149 tota
989 2089 1025 2130 se
1040 2068 1172 2135 haberet

152 2166 331 2230 Germania.
363 2170 441 2249 Qua·
453 2166 619 2246 convivia,
634 2169 690 2254 qui
702 2171 803 2246 lusus,
820 2190 890 2252 quae
903 2177 935 2230 ct
946 2187 1041 2251 quam
1052 2188 1172 2231 securae

150 2267 425 2346 compotationes..
445 2268 545 2331 tTum
563 2268 591 2331 si
609 2270 737 2351 quando
757 2268 792 2332 in
810 2258 976 2337 consilium
1001 2265 1171 2342 coirernus,

151 2383 246 2447 qrram
273 2365 306 2426 id
332 2377 526 2448 praepostere
551 2389 739 2452 ageremur,
779 2367 874 2429 iidem
901 2365 945 2428 itti
973 2376 1172 2446 compertum

150 2465 315 2528 habebant.
368 2467 514 2546 Erubui,
546 2470 673 2552 ‹puaudo
704 2465 834 2552 quidem
862 2476 898 2530 ut
924 2476 1014 2548 erant
1041 2465 1172 2551 agnovi.

150 2562 199 2627 lta
218 2585 270 2629 res
288 2566 381 2629 habet
405 2567 499 2630 enirn.
540 2568 580 2632 ln
604 2569 686 2633 ludis
711 2569 828 2630 alacres
853 2587 981 2642 sumus,
1010 2565 1068 2635 ubi
1087 2565 1171 2630 seria

150 2667 326 2742 tractanda,
355 2665 533 2747 desidamus
552 2690 589 2731 ac
607 2666 793 2761 refugimus.
839 2664 878 2728 ln
902 2665 999 2732 rebus
1023 2686 1090 2730 non
1113 2687 1170 2731 ne·

148 2766 291 2829 cessariis
311 2768 441 2852 egregie
461 2785 666 2845 exercemur,
696 2767 752 2841 ubi
777 2767 931 2832 servanda
955 2788 1024 2850 que
1044 2765 1170 2848 imperii

147 2879 242 2942 sunt,
275 2879 311 2930 ut
337 2890 378 2931 ne
404 2869 507 2947 <licam
532 2869 607 2935 illud
633 2868 742 2952 (quod
769 2866 889 2931 nemini
918 2877 1060 2931 vestrum
1085 2888 1169 2930 cura

147 2967 296 3029 hactenus
322 2967 404 3042 init)
429 2971 591 3053 augenda,
627 2969 683 3033 ubi
706 2967 901 3033 defensanda
924 2967 1061 3051 religio,
1093 2989 1169 3052 pro·

147 3065 318 3145 pugnanda
342 3068 460 3145 patria,
490 3070 569 3133 nihil
586 3069 697 3146 studii,
729 3068 806 3131 nihil
831 3087 936 3151 operae
961 3067 1168 3157 conspicitur.

146 3164 195 3227 lta
212 3184 336 3245 semper
354 3164 455 3228 inanis
473 3178 582 3232 nostra
599 3181 648 3231 est
663 3169 841 3245 fortitudo,
860 3165 978 3232 inutilis
998 3166 1112 3253 vigor,
1131 3180 1169 3233 ut
1207 3195 1210 3203 ·

145 3283 206 3327 nos
226 3263 329 3328 exteri
345 3266 472 3330 athletas
486 3286 558 3334 esse
575 3267 680 3335 bonos
696 3269 887 3346 concedant,
908 3280 1056 3335 strenuos
1073 3250 1170 3343 bellai·
1214 3320 1216 3325 .

146 3373 232 3429 tores
258 3386 360 3449 arsque
386 3379 515 3449 negent.
562 3372 751 3457 Quanquam
771 3368 942 3434 utiterum
960 3367 1053 3459 robis
1075 3384 1168 3435 aures

146 3467 276 3541 uellam,
315 3468 399 3531 ntrda
422 3467 468 3531 ibi
492 3469 624 3535 militurn
650 3472 742 3551 culpa
771 3481 839 3546 est,
877 3469 1012 3552 piurima
1037 3470 1167 3537 ducum.

145 3565 377 3637 Robustissima
405 3577 454 3637 est
484 3589 543 3650 per
577 3569 779 3643 Germaniam
809 3569 981 3653 juventus,
1020 3570 1166 3655 ingentes

144 3664 240 3728 animi
258 3684 294 3726 ac
311 3686 395 3729 verae
416 3668 524 3752 gloriae
545 3669 640 3739 aridi.
689 3669 792 3732 Nemo
813 3667 919 3751 praeit,
951 3690 1046 3745 nemo
1067 3669 1166 3734 (lucit.

145 3764 197 3829 Sic
222 3765 281 3828 iste
306 3766 387 3846 perit
412 3767 525 3852 uigor,
553 3768 613 3843 ista
636 3765 811 3851 languescit
834 3766 951 3845 virtus,
986 3789 1023 3832 ac
1041 3769 1110 3855 ipsa
1129 3787 1166 3830 se

138 3861 316 3949 extinguit,
337 3866 369 3931 in
386 3867 524 3933 obscuro
541 3867 708 3933 mitescens
726 3864 942 3953 ardentissima
957 3866 1165 3931 maxinrarum

143 3984 251 4029 rerum
283 3968 493 4049 gerendarum
532 3967 696 4051 cupiditas.
749 3964 893 4031 Proinde
929 3966 985 4051 qui
1023 3961 1163 4048 jucunda

141 4064 451 4133 haetenusedidistis
474 4069 669 4150 spectacula,
696 4066 760 4150 jam
780 4065 874 4130 etiam
892 4064 979 4130 utilia
997 4086 1034 4129 ac
1053 4086 1163 4129 necea

142 4165 223 4227 saria
246 4163 341 4227 edite.
386 4167 436 4229 Ac
468 4165 534 4233 illas
559 4166 592 4229 in
615 4168 792 4245 'furcarum
817 4178 946 4249 pectora
973 4164 1059 4231 serio
1085 4185 1162 4231 con·
1199 4208 1204 4215 -

141 4261 270 4344 iringite
289 4265 407 4338 hastas,
429 4264 543 4348 quibus
558 4265 593 4327 in
609 4265 684 4349 joco
702 4276 734 4327 et
749 4266 830 4331 ludis
848 4276 956 4330 mutua
977 4265 1159 4345 incursione

142 4361 191 4425 usi
221 4363 319 4438 estis,
363 4360 447 4427 bollo
480 4365 610 4449 quidem
638 4368 852 4453 spectaculo,
881 4368 940 4431 sed
968 4368 1058 4431 nullo
1088 4376 1160 4433 usu.
