2624 5108
508 844 635 919 Oratio
661 844 796 919 Tertia.
1088 852 1152 923 131

147 1051 236 1115 sunt,
272 1039 331 1122 qui
350 1057 420 1109 curn¹
444 1056 479 1099 ee
497 1035 663 1101 defunctos
679 1036 821 1117 periculo
837 1050 963 1118 putent,
1001 1041 1075 1103 olim
1091 1060 1157 1101 non

141 1140 269 1203 diversa
283 1136 467 1217 patientur?
497 1138 575 1217 Quae
598 1148 633 1205 ut
650 1137 767 1199 frustra
781 1157 940 1212 moneam,
968 1149 1000 1199 et
1014 1140 1065 1202 hie
1082 1141 1158 1202 sub-

140 1241 227 1305 sistat
247 1239 338 1302 istius
366 1236 474 1313 furor,
520 1257 580 1298 nec
609 1238 649 1299 ad
683 1236 758 1299 alios
794 1239 970 1316 exemplum
1001 1220 1156 1317 trinseat,

139 1340 306 1403 bonorum
321 1350 425 1401 tamen
444 1338 587 1400 virorum
605 1349 671 1412 est,
692 1341 788 1401 malos
805 1337 928 1412 odisee,
948 1337 1159 1401 innocentiam

143 1440 251 1515 tueri,
270 1439 382 1519 punire
392 1437 559 1511 maleficia,
579 1438 718 1521 donique
732 1439 856 1519 publica
870 1440 941 1500 vice
955 1438 1159 1501 commoveri.

145 1538 273 1605 Deinde
291 1561 333 1603 ex
349 1538 465 1605 decore
480 1535 575 1617 hujus
593 1537 727 1602 nationis
746 1539 823 1615 suit,
851 1539 1010 1602 communi
1032 1562 1160 1604 succur-

145 1661 221 1703 rere
240 1637 384 1703 insamie.
419 1635 505 1717 Quid
525 1638 608 1703 enim
627 1639 819 1702 Germanum
834 1639 954 1716 minus,
976 1663 1070 1724 qnam
1089 1662 1161 1705 cum

142 1739 206 1803 iste
233 1739 281 1804 sic
308 1735 500 1819 peccaverit,
539 1748 574 1798 ut
599 1740 712 1801 nullam
738 1739 918 1803 criminibus
946 1740 1009 1802 suis
1036 1740 1162 1824 dignam

142 1860 268 1925 poenam
291 1837 477 1901 inventurus
502 1838 701 1914 crederetur,
734 1839 780 1901 sic
797 1861 815 1901 a
832 1840 924 1903 vobis
943 1851 1093 1903 tractetur
1111 1840 1161 1916 ³³),

142 1950 182 2001 ut
205 1937 378 2021 irnpunitus
396 1937 543 2001 mancat?
577 1939 721 2001 Manebit
740 1939 844 2016 cuim,
875 1939 937 2003 nisi
956 1963 1015 2003 vos
1032 1952 1162 2022 repente
1240 1978 1243 1983 -

144 2038 230 2103 dicta
240 2037 393 2103 sententia
406 2037 547 2101 nefarios
560 2038 694 2113 hominis
708 2052 838 2103 conatus
853 2039 1038 2123 infringatis.
1066 2040 1165 2122 Quod

143 2160 208 2223 ego
224 2136 296 2201 fieri
308 2156 404 2219 posse
419 2136 555 2201 arbitror
571 2138 633 2212 sic,
654 2150 687 2203 ut
701 2140 728 2200 si
745 2140 922 2203 damnatum
936 2141 1163 2222 pronuncietis,

146 2238 269 2301 abistis
293 2236 358 2301 suis
377 2237 602 2300 collatronibus
621 2239 781 2314 desertus,
810 2252 841 2302 et
867 2240 954 2321 capi,
984 2252 1014 2301 rt
1033 2237 1163 2312 vinciri,

147 2350 186 2401 ut
215 2337 385 2419 condignas
415 2335 506 2398 nobis
535 2356 640 2416 poenas
667 2338 737 2413 det,
781 2351 812 2400 et
840 2342 890 2416 '‘*)
928 2339 1073 2400 moritum
1100 2340 1165 2397 luet

150 2436 351 2518 mpptieinm,
370 2435 480 2516 possit.
520 2435 569 2497 Te
590 2436 719 2519 quidem
738 2458 804 2499 non
823 2439 1021 2519 ignoramus,
1042 2434 1163 2511 Caesar,

150 2536 291 2611 utaiibi,
315 2536 356 2599 ita
375 2535 409 2597 in
425 2535 483 2599 hec
502 2556 611 2611 causa,
643 2534 675 2597 id
691 2556 802 2616 posse,
823 2536 911 2617 quod
929 2537 1022 2610 retis,
1058 2556 1164 2621 neque

151 2648 261 2701 contra
278 2637 474 2710 dubitamus,
501 2635 534 2698 id
554 2647 585 2698 te
605 2636 705 2710 veile,
734 2634 822 2717 quod
838 2635 1090 2699 honestissimum
1108 2636 1164 2711 sit,

147 2758 210 2819 nec
228 2735 304 2819 quia
317 2738 402 2799 nnita
418 2746 503 2797 certa
514 2733 740 2815 pronuntiandi
756 2734 858 2797 forma
874 2735 1024 2810 tenearis,
1044 2735 1163 2798 idcirco

147 2835 269 2921 aliquid
279 2846 311 2899 te
322 2834 487 2917 indignum
499 2833 686 2897 edicturum.
714 2835 777 2897 Sed
790 2834 875 2897 istam
890 2847 1019 2915 repente
1034 2857 1162 2911 rnorem,

147 2946 288 3021 qnemtu
298 2934 419 3014 optimo
430 2932 557 3017 quidem
566 2934 688 3006 animo,
700 2935 756 2997 sed
768 2934 858 2996 nobis
867 2935 1044 3015 periculose
1059 2935 1162 3011 trahis,

147 3035 255 3117 rumpi
262 3056 392 3098 necesse
403 3045 460 3097 est.
476 3033 536 3095 Via
547 3034 630 3096 enim
641 3044 673 3096 tu
683 3054 790 3096 carcre
802 3035 999 3115 suspicione,
1012 3047 1043 3096 ot
1054 3035 1162 3111 debes,

150 3137 209 3198 sed
218 3146 397 3217 prestat,ut
405 3133 680 3197 communioumes
688 3132 899 3196 incommodo.
917 3134 990 3196 Fuit
1001 3136 1161 3199 saneGer·

151 3234 269 3309 mania,
280 3234 391 3297 cumin
398 3232 484 3295 omni
495 3253 618 3312 semper
624 3230 802 3315 integritate
812 3234 1025 3295 commendata
1035 3277 1044 3307 ‚
1056 3244 1121 3297 tum
1130 3235 1162 3297 in

150 3333 328 3416 judicandis
349 3331 521 3396 sceleribus
535 3352 572 3392 ao
587 3330 755 3410 puniendis
772 3331 948 3409 sceleratis,
967 3332 1164 3407 constantie,

150 3456 189 3498 ae
205 3432 381 3499 severitatis
398 3431 489 3495 laude
506 3429 731 3511 probatissima.
770 3432 859 3495 Since
877 3442 908 3493 te
927 3430 1068 3513 principe
1086 3433 1165 3493 hanc

150 3533 286 3616 publicis
299 3531 441 3595 moribus
453 3528 537 3592 inuri
548 3529 675 3591 notam?
701 3532 743 3593 Et
755 3552 851 3613 quem
863 3552 925 3614 ego
944 3533 990 3595 sic
1004 3532 1163 3607 accusavi,

153 3645 194 3697 nt
209 3652 315 3695 omnes
329 3640 578 3714 cognoscerent,
599 3648 681 3690 ame
700 3629 791 3705 nibil,
815 3631 916 3693 onmia
936 3633 974 3693 ab
992 3633 1059 3713 ipsa
1074 3654 1167 3695 carue

153 3730 351 3815 proficisctt
375 3731 412 3793 ln
433 3749 529 3813 quem
553 3727 629 3791 nibil
652 3748 800 3806 parvum,
832 3730 992 3793 mediocre
1011 3732 1088 3795 nibil
1104 3731 1166 3794 dici

152 3834 241 3907 ruit,
262 3832 319 3915 qui
338 3851 405 3894 non
422 3828 586 3891 confessor
608 3837 655 3887 est
671 3826 824 3888 scelerum
842 3847 989 3905 suorum,
1017 3832 1073 3895 sed
1092 3852 1167 3913 pro.

152 3934 260 3997 ietsor
282 3933 346 4009 jam
372 3931 499 4011 perditae
522 3927 676 4000 audacio,
707 3923 847 3989 immanis
871 3922 962 4000 iacti,
993 3929 1165 4008 profligatas

154 4030 372 4106 conscientiae,
398 4028 488 4111 cujus
505 4025 699 4108 ejuscemodi
717 4036 791 4088 sunt
813 4023 969 4097 facinora,
1001 4036 1036 4085 nt
1052 4045 1089 4085 eu
1105 4023 1166 4086 nisi

153 4132 242 4215 apud
256 4151 373 4215 guaros
397 4128 551 4203 dicerem,
587 4137 618 4188 et
635 4124 756 4187 recenti
773 4123 837 4203 jam
854 4122 984 4205 nogotio
1009 4122 1165 4196 dicerem,

153 4251 252 4297 nemo
261 4232 427 4311 crederet,
449 4247 557 4292 omnes
569 4228 641 4290 ficta
651 4226 890 4299 arbitrarentur,
911 4220 1003 4305 hujus
1016 4222 1166 4305 impunita

191 4460 221 4524 ⁸)
238 4476 386 4527 erneretur,
404 4468 506 4519 nunn.
544 4457 588 4521 m⁵)
605 4474 649 4517 tt.
667 4439 700 4515 nt'
