2624 5108
149 854 214 927 128
381 845 425 921 In
448 847 633 924 Ulriclrum
655 820 904 951 Wrrtenberg.

143 1041 245 1107 mania
256 1039 342 1104 viros
353 1049 456 1122 putat,
472 1052 509 1105 ut
522 1052 647 1107 omrsem
657 1044 753 1107 semel
764 1042 939 1126 equitatem
948 1044 1155 1127 profligatam,

146 1163 271 1206 omnem
286 1140 366 1222 juris
380 1162 417 1203 ac
428 1140 620 1223 judiciorum
630 1143 784 1205 rationem
796 1143 965 1207 extinctam
977 1144 1156 1207 arbitretur.

144 1245 251 1329 Atque
269 1246 333 1307 liae
347 1244 477 1326 quando
493 1244 598 1326 agitl’*
616 1245 739 1325 Nempe
758 1252 919 1306 conventu
938 1245 1000 1306 boc
1017 1243 1157 1306 celeber-

143 1345 242 1419 rimo,
270 1342 450 1426 inquirente
465 1341 497 1420 *l
512 1343 731 1407 Maximiliano
750 1343 891 1419 cene,
917 1362 1013 1426 quem
1027 1344 1157 1425 publico

142 1445 279 1527 primum
290 1442 461 1518 maleficio,
480 1443 529 1518 Μ)
541 1445 662 1525 privata
677 1443 793 1507 deinde
807 1443 996 1506 contumelia
1012 1445 1156 1520 offendit,

143 1545 190 1607 bis
209 1541 446 1605 considentibus
471 1540 670 1606 nobilissimis
688 1543 785 1605 ducib
852 1572 862 1613 -·.

144 1641 285 1723 cipibus,
315 1640 430 1726 quibus
453 1639 521 1723 ipse
544 1641 762 1725 ignominiam,
801 1626 844 1699 “a
917 1665 994 1707 ecus
1015 1659 1156 1722 raverit,

142 1743 205 1821 boc
221 1752 387 1806 accusante
402 1742 556 1825 Equitum
573 1742 702 1817 ordine,
720 1743 754 1804 in
772 1730 868 1827 qbein
882 1742 959 1807 nilril
974 1764 1042 1807 non
1060 1744 1158 1807 licere

143 1840 203 1904 sibi
226 1842 358 1923 putavit.
411 1842 475 1906 Ubi
497 1842 595 1926 igitur
623 1843 809 1906 innocentie
832 1843 1069 1927 propugnatio?
1097 1845 1173 1918 nbi,

142 1944 296 2007 scelerum
309 1941 470 2004 vindicta?
498 1945 652 2007 malorum
667 1943 780 2025 poena?
797 1940 922 2007 Scilicet
933 1942 1041 2007 onmia
1053 1943 1159 2028 indig-

144 2042 263 2117 nitatis,
295 2042 400 2104 omnia
417 2042 549 2122 pudoris
569 2045 661 2123 plena
682 2054 765 2106 sunt.
802 2046 885 2115 Rem
903 2043 1016 2106 laetam
1040 2042 1079 2107 ab
1094 2044 1159 2106 isto

143 2142 371 2225 turpissimam,
394 2144 496 2206 scelus
514 2140 681 2207 admissum
703 2154 812 2219 atrox,
837 2143 1058 2221 abominabile,
1089 2164 1157 2205 non

143 2264 202 2306 vos
223 2254 342 2306 tantum
362 2242 465 2319 scitis,
493 2242 672 2326 quadratis
691 2253 774 2318 erat,
807 2245 866 2308 sed
884 2244 952 2319 ‘ml
973 2244 1036 2307 noc
1055 2243 1156 2319 sciro,

144 2336 253 2407 omnes
263 2340 381 2406 cneum
396 2343 554 2420 nationes,
575 2364 684 2408 omnes
696 2340 806 2427 populi
822 2356 950 2408 norunt.
988 2346 1061 2426 Ona
1072 2344 1106 2419 ip
1120 2366 1157 2407 re

143 2445 352 2509 sidelueritis
375 2442 484 2518 vobis,
518 2444 595 2527 quid
619 2445 851 2508 existimaturos
871 2466 980 2509 omnes
1006 2445 1159 2509 creditis?

143 2546 240 2627 Quod
263 2547 365 2610 scelus
392 2545 484 2608 vobis
510 2544 704 2627 imputabunt
729 2545 895 2607 homines?
932 2548 998 2608 Aut
1027 2545 1055 2606 si
1081 2546 1159 2607 nillil

142 2647 313 2730 loquantur
330 2644 491 2719 nomines,
521 2646 566 2709 sic
585 2657 695 2709 vestrm
711 2658 828 2709 naturae
845 2644 970 2706 adversi
986 2642 1091 2718 erilis,
1120 2659 1159 2712 ut

143 2746 176 2809 in
206 2745 349 2809 facinore
383 2747 540 2821 omnium,
588 2767 658 2830 quse
691 2766 829 2828 unquam
861 2753 1040 2827 perpetrata
1066 2757 1157 2820 srmt,

141 2845 359 2910 scelestissimo
387 2843 596 2921 conniventis,
630 2848 708 2909 banc
737 2868 755 2906 a
785 2844 878 2908 vobis
911 2846 1061 2909 maculam
1090 2866 1158 2907 non

142 2944 343 3028 abstergatis,
371 2955 434 3007 tam
452 2946 567 3026 turpis,
596 2955 658 3009 tam
677 2946 812 3023 indispar
832 2944 997 3009 Germanis
1013 2944 1156 3009 moribus

141 3045 298 3127 patientiae
314 3043 407 3106 vobis
427 3045 546 3109 conscii
564 3046 654 3109 sitis?
680 3046 732 3109 Sic
747 3044 816 3125 jus,
835 3045 949 3128 fasque
966 3044 1156 3127 negligatis?

141 3146 194 3209 An
207 3145 255 3216 las
272 3145 319 3222 ei,
337 3146 440 3209 lucem
459 3145 589 3221 intueri,
609 3146 666 3233 ¹qui
682 3145 840 3207 hominem
850 3143 987 3207 occidit?
1008 3144 1069 3205 Fas
1085 3164 1156 3208 esse

140 3248 254 3329 potuit.
298 3247 360 3310 Sed
379 3245 438 3307 iste
457 3245 609 3322 amicum,
635 3252 668 3307 el
682 3234 880 3321 familiarem,
904 3264 1043 3327 eumque
1065 3245 1156 3308 inno·

141 3361 281 3423 centem,
316 3358 347 3408 et
369 3345 411 3407 de
431 3364 466 3405 se
486 3344 770 3423 optime-meritum
790 3343 947 3425 prodidit,
979 3344 1156 3422 interemit,

141 3468 177 3509 ac
191 3458 317 3509 mortuo
335 3443 438 3506 illusit.
476 3442 618 3506 Proinde
631 3466 786 3508 summum
799 3442 871 3506 hinc
884 3442 926 3505 sd
940 3456 998 3504 vos
1014 3443 1158 3508 dedecus

141 3545 319 3626 pertinere,
339 3564 406 3605 non
423 3556 528 3625 potest
541 3543 672 3607 dubium
689 3564 777 3620 esse,
796 3545 837 3607 de
853 3541 993 3625 periculo
1011 3566 1093 3607 vero
1112 3546 1158 3609 sic

141 3644 244 3720 habeta
287 3644 429 3707 Primum
452 3644 527 3708 nihil
551 3664 618 3706 non
637 3643 782 3719 audebit,
811 3643 871 3708 sibi
889 3643 1069 3718 restitutus,
1100 3647 1157 3727 qui

141 3757 203 3808 tam
222 3744 376 3806 violenter
392 3744 425 3807 in
444 3760 568 3827 semper
585 3743 708 3806 illesam
725 3742 820 3823 hujus
844 3744 964 3807 ordinis
982 3743 1158 3807 libertatem

141 3845 232 3909 irnrit
253 3847 358 3908 semels
394 3845 519 3910 Deinde
538 3843 681 3925 publicos
697 3862 803 3907 mores
818 3856 1001 3924 corrumpet
1019 3845 1156 3921 exempli

141 3946 238 4029 ipsius
258 3946 453 4029 magnitudo,
496 3948 550 4008 An
570 3942 699 4025 segnius
718 3943 758 4005 ad
781 3944 976 4029 peccandum
999 3945 1045 4008 sic
1063 3942 1156 4007 abso-

141 4049 224 4111 lutus
249 4048 393 4121 secedet,
431 4063 524 4127 quam
545 4063 648 4123 nuper
670 4043 753 4106 hand
774 4045 850 4106 dum
869 4044 965 4106 rcus?
1000 4040 1156 4107 Proiecto

140 4150 236 4211 multa
263 4168 322 4209 vos
355 4144 555 4207 circumstant
580 4143 739 4207 horrenda
772 4128 959 4207 etatrocia.
1004 4142 1069 4206 Scit
1096 4145 1157 4207 iste

175 4378 202 4442 ⁶)
221 4386 379 4442 tnoutrertee,
413 4381 557 4439 inquirente.
626 4362 671 4433 ⁰)
692 4389 717 4425 et
745 4392 789 4429 vor
818 4381 912 4439 parata
935 4381 1153 4440 dnsehgostrlclren

175 4453 238 4518 ’Ἣ
258 4465 381 4512 zulscben
397 4477 446 4511 noa
463 4487 497 4503 ο-
514 4467 619 4512 tantum:
636 4478 697 4522 aas,
716 4465 932 4524 dorensestrlchen.
