2624 5108
453 920 456 925 .
504 855 631 931 Oratio
658 855 793 930 Tertius
1088 861 1152 927 125

148 1052 252 1115 Freite
273 1062 377 1113 tomen
396 1072 437 1115 eu
453 1050 578 1113 venisse
594 1071 681 1126 rem,
701 1052 789 1134 quod
805 1048 889 1112 uliud
906 1059 1016 1130 postea
1034 1047 1156 1112 videbit

143 1152 330 1225 Gerrnmria,
346 1170 439 1233 qurum
450 1170 485 1211 se
503 1150 702 1213 Germaniam
712 1172 782 1213 esse
796 1148 951 1213 desiisse?
971 1147 1157 1212 Concedam

142 1252 249 1315 omnia
283 1250 445 1326 omuibus,
494 1248 697 1331 justissimum
738 1251 893 1313 dolorem·
913 1250 1061 1331 frangere
1090 1269 1159 1311 unu

140 1360 277 1433 potero,
310 1370 351 1413 ne
375 1351 533 1411 occultare
555 1349 694 1433 ¹(mitium.
755 1354 858 1431 Quem
885 1349 969 1411 euim
1001 1346 1157 1431 querendi

144 1452 242 1515 linem
271 1449 377 1512 faeere
407 1449 595 1530 poterimus,
632 1452 659 1512 si
688 1462 751 1515 tun
775 1448 890 1531 justam
919 1469 1059 1522 causum,
1091 1468 1158 1510 nou

146 1550 339 1633 meinimis
372 1548 482 1611 vestris
513 1550 694 1626 sententiis,
740 1550 798 1614 sed
833 1548 997 1613 levissimis
1023 1549 1159 1611 fortune

146 1648 273 1727 eerhs
297 1647 489 1726 subjicietis?
528 1652 595 1713 Aut
620 1671 789 1733 quousque
810 1650 980 1713 interficiet
1000 1670 1060 1712 uos
1076 1646 1159 1712 iste?

145 1748 233 1832 Quid
258 1748 401 1832 iniquius
419 1758 539 1825 eutem,
575 1768 668 1832 quem
695 1771 787 1825 eum,
821 1750 877 1833 qui
902 1761 1023 1812 tantum
1038 1748 1161 1813 sasinus

145 1847 319 1924 admiserit,
338 1868 405 1911 nou
422 1850 521 1912 modo
538 1869 604 1911 uon
620 1848 744 1932 puniri,
771 1852 828 1913 sed
843 1850 935 1913 armis
954 1871 1103 1934 quoque,
1130 1861 1162 1912 et

145 1947 250 2013 tutori
267 1968 327 2012 suo
340 1946 502 2032 relinqui?
525 1949 611 2012 unde
630 1948 776 2013 omuibus
794 1948 885 2014 bonis
902 1972 1027 2032 semper
1044 1962 1162 2025 metus,

101 2076 104 2081 ·
147 2068 274 2131 semper
297 2048 473 2131 perieulum
496 2048 547 2113 sit.
601 2050 738 2113 Possum
764 2051 841 2127 boc,
872 2052 962 2135 quod
991 2072 1042 2116 res
1068 2050 1163 2134 petit,

145 2148 254 2226 interi,
292 2151 508 2233 poenitendmu
533 2149 646 2227 nobis,
688 2152 777 2234 quod
804 2150 944 2235 unquam
968 2153 1164 2215 eemtssveri·

148 2271 218 2315 nus
233 2250 279 2326 ὑ).
323 2251 410 2333 Quid
429 2252 514 2314 enim
538 2252 685 2315 effectum
711 2248 796 2317 atiud
823 2264 890 2327 est,
922 2270 1017 2333 quem
1044 2261 1080 2313 ut
1102 2252 1165 2311 boe

151 2368 212 2413 vos
234 2349 357 2413 silentio
382 2350 520 2431 probare
547 2350 639 2414 istius
669 2352 770 2415 scelus
800 2349 994 2413 videamini?
1032 2349 1104 2431 lpse
1128 2370 1165 2413 re

152 2449 293 2533 integre,
315 2448 350 2513 vi
370 2469 407 2512 ae
432 2450 524 2513 ermis
543 2470 602 2514 nos
618 2448 769 2531 impetat?
805 2451 870 2514 Per
885 2452 990 2514 Deum
1007 2449 1166 2512 immorta-

150 2550 213 2613 iem
226 2548 276 2628 ⁰⁶)
293 2550 445 2626 obsecro,
463 2551 569 2612 videte
585 2550 750 2625 Germani,
775 2570 870 2632 quem
888 2548 929 2613 sit
944 2561 1051 2630 turpe,
1073 2549 1165 2613 vobis

148 2649 245 2714 istum
260 2651 344 2717 enni
359 2670 468 2726 reum,
489 2650 553 2733 qui
564 2651 626 2712 hoe
645 2648 765 2729 judicio
781 2649 996 2727 indemnatus,
1023 2668 1090 2714 uon
1104 2660 1167 2713 tem

150 2750 244 2815 uobis
260 2750 437 2826 insultabit,
458 2768 553 2833 quam
566 2771 626 2813 vos
640 2772 772 2833 quoque
786 2750 1060 2831 superessevideri
1070 2752 1166 2813 volet.

151 2854 204 2917 nn
235 2850 371 2933 alicujus
403 2858 543 2913 vestrum
569 2848 709 2930 judicio,
739 2851 843 2914 miuus
869 2850 921 2914 bie
944 2872 1035 2929 reus,
1072 2872 1168 2936 quem

149 2963 260 3017 ηοω
292 2951 492 3015 recusatione
520 2950 604 3013 tuit?
643 2950 706 3014 Ubi
731 2950 829 3035 igitur
845 2951 904 3014 ilie
921 2972 1007 3015 nune
1029 2973 1168 3017 commo·

150 3050 282 3116 tione?
312 3050 361 3115 ttli
379 3049 549 3113 fremitus?
581 3050 642 3112 111ae
660 3052 806 3115 inimum
817 3064 996 3118 vestrorum
1013 3054 1169 3137 signitica-

152 3150 280 3215 nouat
320 3152 395 3214 Hoc
423 3151 464 3213 de
495 3149 587 3211 vobis
614 3150 752 3213 narrabit
785 3152 966 3235 quisquam,
1000 3152 1169 3234 justissime

154 3252 231 3317 buie
249 3252 346 3317 irum
364 3250 482 3325 fuisse,
518 3249 594 3312 nibil
612 3253 709 3315 iratos
728 3250 889 3336 potuisse,
920 3264 957 3315 ut
980 3252 1031 3314 bie
1049 3254 1169 3334 primus

153 3351 189 3416 in
209 3351 378 3415 Germania
401 3349 599 3430 tyrannidem
619 3364 764 3433 occupet.
803 3353 902 3434 Quod
920 3353 1004 3417 enim
1021 3352 1170 3415 libertatis

152 3452 325 3537 vestigium
355 3444 530 3515 remanebit
564 3452 626 3512 hoe
653 3450 831 3516 ineolumi?
869 3454 968 3534 Quod
997 3456 1104 3539 legum
1136 3474 1170 3519 tte

153 3550 348 3634 judieiomm
359 3548 577 3614 momentum?
596 3552 674 3633 Ques
689 3563 800 3613 vestrae
811 3551 996 3637 integritatis
1008 3556 1171 3637 persuasio

156 3652 245 3733 apud
263 3651 476 3735 quemquem?
510 3652 554 3714 At
572 3662 698 3725 conns,
730 3668 800 3732 que
820 3672 886 3714 uon
901 3654 1117 3719 insonueritis·
1136 3676 1172 3719 on

155 3751 280 3817 timoris
298 3751 437 3834 suspicio
458 3751 492 3815 in
511 3770 569 3815 vos
588 3746 769 3832 congruet?
794 3750 921 3813 Utinam
941 3764 995 3816 eut
1013 3776 1174 3839 nunquam

154 3854 202 3917 sie
217 3854 386 3918 mitens
411 3850 528 3931 singrdi
551 3840 769 3925 damnassetis,
800 3860 855 3911 aut
873 3868 940 3913 non
958 3864 1021 3915 tam
1042 3857 1173 3937 turpiter·

154 3952 192 4017 iu
227 3953 363 4019 dicendi
403 3951 559 4015 umentis
600 3948 821 4013 substituetis.
878 3948 933 4011 Dii
964 3951 1171 4015 immortales!

156 4061 314 4135 quantum
333 4048 440 4115 omnis
457 4070 532 4117 cestr
550 4070 587 4113 ae
605 4049 799 4130 temporibus
817 4048 1037 4112 immutantur!
1063 4052 1174 4131 Nuper

154 4148 218 4215 iste
244 4156 304 4215 sut
329 4148 467 4233 primum
495 4151 706 4228 sumimur,
743 4150 859 4218 deinde
889 4155 995 4239 regum
1029 4168 1065 4211 re
1095 4148 1174 4233 juris

194 4380 228 4451 ¹')
245 4388 464 4451 aerumnam,
492 4388 661 4437 restituimus.
715 4376 765 4452 ⁴⁴)
794 4390 869 4439 Deum
898 4390 1062 4438 immortalem
1073 4422 1081 4447 ,
1112 4388 1175 4438 Deos

194 4472 352 4528 mutulos.
