2624 5108
82 39 548 361 m
647 39 960 343 .

507 374 538 392 ,Α
924 365 932 375 ’

546 821 584 894 in
608 813 782 894 Turcass
1085 823 1151 892 521

143 1018 253 1081 Potest
272 1019 355 1078 euim
375 1015 492 1097 aliquid
510 1034 579 1076 esse
595 1023 762 1093 praeterea,
782 1011 873 1090 cujus
888 1011 980 1072 nobis
1001 1032 1075 1074 risus
1092 1011 1155 1074 sit?

142 1121 208 1181 Aut
221 1127 329 1196 ,potest
344 1117 439 1177 ullum
452 1134 520 1178 esse
537 1125 597 1176 tam
614 1115 728 1175 durum
743 1109 924 1194 negotium,
940 1123 1001 1171 tam
1018 1133 1152 1190 praeseus

142 1216 336 1297 periculum,
370 1214 457 1296 quod
479 1213 570 1275 obire
597 1211 691 1294 quis,
719 1209 786 1272 istis
810 1211 981 1291 propositis
1010 1212 1152 1290 premi-is,

142 1314 288 1376 dubitet?
317 1313 469 1375 Videmus
482 1312 639 1386 homines,
656 1330 721 1371 non
735 1312 855 1389 magnis
873 1309 1018 1390 preditos
1033 1309 1152 1385 arrlmis,

107 1419 112 1434 '
143 1434 199 1495 spe
227 1413 342 1475 modici
367 1411 497 1492 alicujus
525 1410 647 1484 lucelli,
681 1409 925 1489 praesentissimis
952 1430 986 1470 se
1012 1420 1095 1469 terra
1121 1429 1157 1469 ac

142 1513 219 1575 mari
238 1515 384 1595 periculis
402 1525 576 1593 exponere.
620 1502 690 1570 vos
712 1509 789 1591 quid
807 1510 945 1583 facietis,
973 1521 1004 1572 et
1024 1509 1156 1584 nobiles,
1218 1509 1224 1519 “

143 1624 175 1674 et
195 1613 375 1691 Principes,
406 1624 437 1673 et
456 1611 585 1686 summi,
612 1609 727 1691 quibus
746 1628 817 1671 cum
835 1611 923 1672 lucro
944 1608 1057 1692 glorie,
1084 1629 1157 1671 cum

144 1714 244 1793 gloria
269 1725 382 1774 esterna
406 1710 535 1775 felicitas
563 1707 738 1789 objicitur?
777 1709 861 1771 Tum
885 1731 967 1790 sepe
992 1733 1032 1772 ex
1053 1709 1158 1771 infima

143 1811 235 1891 plebe
261 1812 372 1895 aliquis
396 1812 476 1874 'nihil
502 1830 569 1872 non
594 1809 708 1883 audet,
740 1819 774 1868 ut
793 1819 953 1888 potentem
981 1808 1157 1890 quempiam

145 1910 205 1971 sibi
224 1910 430 1972 demereatur.
478 1910 514 1970 ln
540 1908 632 1970 vobis
658 1928 727 1989 qam
752 1919 924 1984 moreest,
956 1909 1039 1986 apud
1058 1908 1158 1971 omni·

145 2020 305 2090 potentem
332 2009 434 2070 Deum
462 2027 611 2069 summam
642 2006 733 2070 inire
751 2007 907 2089 gratim?
945 2028 1098 2069 summum
1124 2010 1159 2073 in

146 2111 225 2170 coelo
244 2109 363 2170 bonum
381 2108 564 2189 reponere?
602 2108 701 2170 Immo
720 2126 816 2183 vero,
843 2129 912 2190 quse
931 2105 1080 2187 segnities
1100 2120 1157 2181 est,

147 2207 232 2286 ipsos
257 2208 370 2269 lucrari
397 2207 518 2270 coelos?
562 2209 604 2268 Et
629 2207 703 2270 victi
727 2212 761 2270 'et
785 2208 940 2280 victores,
975 2204 1157 2290 utrobique,

148 2318 179 2367 et
197 2306 259 2381 hic,
282 2319 314 2368 et
332 2307 365 2368 in
383 2307 433 2368 illa
447 2306 634 2387 sempiterna
649 2308 749 2388 patria
765 2305 1002 2387 triumphabitis.
1019 2308 1160 2382 ⁶Summa

149 2417 220 2465 srmt
245 2407 313 2488 ista.
362 2407 425 2468 Sed
449 2417 550 2468 tamen
576 2418 700 2469 utnon
725 2407 801 2482 siut,
834 2425 940 2488 neque
963 2409 1027 2469 luec
1047 2407 1157 2488 gloria,

150 2525 255 2586 neque
273 2506 330 2567 ista
350 2506 489 2586 praemia,
528 2509 621 2588 urget
639 2529 698 2570 nos
723 2529 740 2568 e
767 2517 876 2588 tergo,
907 2506 997 2567 trahit
1016 2527 1034 2567 a
1053 2507 1160 2569 fronte

148 2607 331 2681 necessitas,
352 2618 382 2668 et
401 2609 483 2668 bello
500 2609 539 2669 arl
553 2608 668 2670 bellum
684 2607 838 2686 cogimur.
876 2592 989 2668 Omnia
1006 2624 1065 2687 per
1081 2606 1161 2669 Ger·

148 2705 279 2767 maniam
305 2708 451 2770 militibus
475 2709 564 2786 plena
591 2719 686 2768 sum.·
709 2706 858 2790 Undique
888 2728 989 2801 mma,
1019 2707 1161 2790 undique

149 2806 233 2886 equi.
274 2808 396 2870 Otiatur
410 2808 564 2869 Juveutus
579 2808 625 2882 ὕ),
646 2807 703 2869 sed
722 2826 791 2869 esse
810 2794 896 2889 crqrit
916 2807 1003 2889 quod
1023 2817 1110 2889 egat,
1129 2818 1163 2870 et

149 2904 209 2966 nisi
237 2928 295 2971 voe
321 2907 478 2970 materiam
505 2907 631 2981 dabitis,
666 2905 815 2968 inveniet.
864 2907 926 2969 Sed
951 2907 1163 2987 perniciosum

147 3005 210 3066 hoc
228 3006 304 3080 erit,
336 3007 424 3087 quod
442 3005 608 3081 inveniet,
625 3005 716 3067 vobis
736 3006 887 3082 maxime,
918 3027 977 3086 per
995 3026 1076 3088 quos
1096 3028 1162 3069 non

150 3113 217 3162 erat
245 3105 333 3183 quod
358 3116 524 3185 ageretur,
559 3113 695 3184 qirorum
728 3105 847 3167 desidia
878 3106 1002 3169 virtutis
1027 3105 1163 3167 studium

148 3200 427 3272 intermittebatur3
458 3202 513 3283 qui
532 3204 736 3285 negligebatis
755 3204 939 3285 imperium,
968 3203 1023 3286 qui
1044 3204 1165 3265 calami·

148 3299 262 3364 tatibus
282 3300 486 3383 exponebam
507 3301 714 3366 Germaniam.
753 3303 974 3367 lutellexistis?
988 3305 1038 3379 ¹⁶¹⁶)
1056 3343 1094 3356 -
1112 3305 1171 3367 An,

149 3400 260 3462 clarius
285 3402 350 3461 haec
375 3399 437 3462 dici
462 3401 591 3464 nullis?
637 3401 689 3465 Sic
714 3424 781 3465 rem
811 3404 959 3486 accipite,
990 3396 1175 3485 Principess

150 3499 266 3580 Ingens
286 3521 416 3561 arrnonae
436 3502 564 3563 ebaritas
584 3504 776 3578 diversatur,
797 3524 952 3587 nusquam
971 3505 1087 3568 bellum
1106 3516 1164 3580 est,

150 3619 217 3680 quo
237 3610 366 3673 exeant,
395 3600 451 3683 qui
471 3612 584 3684 egent,
609 3602 729 3684 quique
739 3603 808 3677 Μζ’)
827 3603 988 3678 esuriunt,
1018 3607 1077 3667 nisi
1097 3606 1167 3667 istic

150 3719 217 3781 quo
250 3721 308 3762 vos
339 3701 395 3761 bac
422 3699 639 3763 eahorratione
658 3707 765 3762 voco.
816 3702 940 3781 Quibus
969 3704 1167 3780 pereundum

150 3799 232 3861 lame
244 3810 308 3873 est,
321 3800 444 3861 mallent
457 3800 557 3862 ferro.
582 3800 662 3861 Date
669 3800 867 3875 “mlarma,
884 3803 955 3863 date
968 3796 1067 3881 slgun.
1083 3802 1167 3865 Cum

150 3899 227 3960 viris
259 3921 399 3983 pugnare
426 3921 520 3984 quam
547 3919 618 3961 curn
644 3900 727 3962 same
758 3912 790 3959 et
821 3913 959 3983 egestate
990 3904 1166 3963 Germanos

152 3998 249 4076 magis
268 4000 367 4061 decet.
388 4003 540 4064 Nolumus
557 4000 681 4080 inopia,
702 3995 883 4079 Principes,
903 4004 1047 4063 nolumus
1061 4001 1166 4064 esurie

152 4096 271 4175 perire,
298 4102 522 4183 pulchrumque
542 4101 623 4163 mori
644 4100 799 4163 succurrit
815 4101 852 4162 in
871 4101 973 4163 armis.
1010 4102 1168 4171 Praetcrea

152 4216 220 4257 eam
236 4197 319 4259 scitis
340 4220 408 4260 esse
422 4198 592 4262 Germanias
612 4198 841 4278 conditionem,
862 4212 897 4264 ut
912 4202 1166 4288 quantoquisque

152 4316 343 4333 -η--ι-

189 4399 213 4458 *l
230 4411 511 4458 lucentinufiermauia.
536 4401 630 4465 ”llt
646 4415 667 4468 J.
702 4405 765 4476 W)
782 4417 885 4474 pulpas:
904 4415 949 4476 qul.
984 4404 1061 4480 W)
1079 4422 1118 4468 D:
1140 4423 1162 4470 d.
