2810 4722
376 491 383 505 ·
472 441 601 516 Oratio
628 441 780 534 Quarta.
1068 451 1136 524 186

116 637 172 722 qui
186 647 219 702 et
232 634 404 712 malefecit,
425 646 457 700 et
466 635 653 723 maleficium
664 634 776 716 jactat,
797 650 828 701 et
841 639 963 702 veniam
977 662 1044 707 non
1057 653 1135 720 orat,

114 752 146 802 et
169 751 201 802 te
233 760 297 802 uua
328 759 400 800 cum
430 737 693 829 reiterabilipboc
725 734 848 822 judicio
877 744 1066 806 contemnit.
1104 755 1136 806 et

112 839 286 924 peregrina
314 839 348 902 iu
375 860 434 900 nos
463 859 548 902 arma
566 850 684 901 movet.
724 835 879 922 cujas-⁴)
899 864 971 907 cum
990 845 1137 908 defensio

114 950 358 1020 expectaretur,
411 938 557 1003 convicia
590 940 698 1003 auilita
737 952 839 1005 suut·
881 944 949 1004 Nec
986 943 1137 1008 invidiam

114 1042 230 1106 timere
259 1041 369 1129 (lebes.
422 1039 531 1104 Gloria
555 1043 621 1103 hec
647 1042 726 1118 erit,
761 1061 828 1106 nou
852 1041 984 1106 invidia.
1036 1044 1136 1108 Audis

114 1139 289 1205 varoilles
310 1137 394 1220 apud
418 1151 449 1202 te
467 1141 648 1204 clamores?
682 1156 754 1204 nam
773 1164 846 1206 cum
864 1142 954 1208 mirlti
971 1143 1138 1209 nobiscum

114 1245 267 1326 lugeant,
294 1263 405 1304 omues
423 1242 551 1306 timeant
569 1263 605 1303 ac
623 1242 858 1322 periclitentur,
881 1265 1052 1327 ¹nunquam
1073 1266 1137 1306 uon

114 1343 247 1408 auribus
267 1343 329 1406 tuis
351 1342 409 1405 ista
427 1343 585 1406 insurrant.
623 1345 750 1408 Exaudi
770 1367 829 1410 nos
856 1343 983 1409 Cacsar!
1010 1345 1139 1408 Exaudi

114 1445 324 1507 innocentum
361 1456 516 1525 patrone,
560 1457 768 1510 conservator
808 1445 953 1527 justitia,
988 1445 1138 1509 libertatis

114 1547 259 1620 vindex,
279 1548 382 1620 cultor
401 1546 541 1628 pietatis!
573 1547 777 1617 Exaudinos
797 1567 963 1610 successor
982 1545 1137 1628 Augusti,

113 1649 226 1708 aemule
248 1643 398 1726 Trajaui,
429 1646 608 1712 dominator
636 1648 740 1724 orbis,
771 1660 878 1712 rector
895 1649 1022 1711 humani
1042 1668 1139 1730 gene-

112 1747 176 1809 ris!
217 1746 360 1810 Amolire
384 1746 546 1828 publicum
570 1752 708 1810 metum!
752 1749 850 1812 Serva
882 1749 1031 1832 reliquias
1059 1750 1139 1810 Ger-

112 1847 242 1909 rnaniael
288 1847 426 1911 Vindica
458 1860 548 1912 turm
576 1860 721 1930 tempus,
757 1861 843 1912 tuam
868 1850 1003 1923 sarnam,
1037 1859 1068 1908 ct
1089 1851 1138 1922 *Ἴ

112 1949 408 2012 existimationem!
462 1949 622 2014 Ulciscere
658 1950 791 2026 bonos,
833 1949 911 2031 puni
953 1948 1137 2028 improbos!

114 2051 282 2114 Orborum
314 2050 353 2111 ad
384 2060 416 2110 te
451 2050 573 2126 luctus,
622 2051 829 2114 innocentum
861 2050 900 2111 ad
941 2060 972 2109 tc
1010 2045 1138 2128 sanguis

112 2151 321 2214 vociferatur.
380 2150 445 2232 Qui
481 2151 633 2233 plurimos
674 2151 810 2227 occidit,
856 2148 988 2232 reliquis
1027 2168 1138 2209 necem
1173 2165 1177 2174 ’

112 2254 261 2327 molitur,
293 2251 440 2316 omnibus
467 2252 639 2335 perniciem
659 2252 795 2334 cogitat3
828 2251 883 2333 qui
903 2271 1024 2313 uxores
1043 2249 1138 2325 viris,

112 2363 222 2434 patres
241 2351 329 2428 filiis,
352 2351 469 2418 amicos
494 2353 625 2420 dimidio
646 2353 714 2429 sui,
735 2343 833 2415 iotam
854 2351 1056 2415 Gennaniam
1082 2371 1139 2412 sua

112 2473 192 2534 spe,
238 2474 296 2515 sua
330 2453 551 2534 expectatione
585 2453 724 2528 orbavit3
774 2453 830 2538 qui
867 2473 955 2515 sacra
990 2451 1138 2532 diripuit,

112 2553 226 2636 impias
259 2555 476 2618 sacerdotibus
512 2576 622 2620 manus
655 2554 781 2636 injecit,
823 2557 937 2634 templa
974 2552 1139 2634 spoliavit,

113 2654 171 2737 qui
188 2655 389 2718 Germaniam
403 2655 565 2731 vendidit,
584 2655 762 2731 libertates,
781 2654 878 2728 ritas,
900 2674 935 2716 ac
952 2652 1141 2736 patrimonia

111 2755 275 2818 bonorum
294 2755 415 2818 civium
440 2757 564 2820 venalia
589 2757 712 2831 habuit;
752 2755 809 2840 qui
838 2754 877 2817 ab
898 2776 933 2818 sc
953 2754 1139 2816 interfectos

112 2857 219 2937 patria
234 2857 404 2936 sepulturae
416 2868 524 2938 negat,
539 2869 665 2920 nostros
681 2879 739 2920 uos
755 2867 900 2920 mortuos
917 2855 1027 2937 lugere
1039 2864 1139 2928 vetat;

114 2958 217 3022 omnis
237 2955 362 3017 saevitiae
382 2955 515 3032 artilex,
546 2959 648 3022 omnir
668 2953 861 3022 crudelitatis
882 2966 1037 3030 assertor,
1068 2975 1140 3033 par-

12 3075 14 3094 ¹
112 3058 229 3136 ricida,
256 3057 428 3140 gladiator,
458 3058 603 3122 carnifex
623 3059 799 3134 bonorum,
830 3055 1019 3120 innocentia
1040 3053 1141 3116 inimi·

113 3180 188 3236 cus,
215 3159 315 3222 bostis
335 3160 459 3234 Derim,
485 3170 581 3242 atque
600 3158 784 3234 bominum,
812 3157 1031 3240 discerpatur,
1059 3158 1141 3218 lace·

113 3270 225 3336 retur,
269 3263 482 3336 convellatur,
521 3271 688 3335 enecetur,
736 3257 935 3324 interimatur
942 3283 951 3335 ;
997 3258 1137 3333 ferrum,

113 3361 223 3444 ignes,
244 3381 378 3437 cruces,
406 3372 438 3422 et
456 3363 588 3444 laqueos
607 3359 699 3422 serat.

191 3463 263 3526 Vos
277 3474 384 3527 autem
399 3463 576 3544 principes,
599 3481 636 3524 ac
654 3459 717 3521 viri
737 3455 904 3531 Germani,
934 3454 997 3535 jam
1015 3455 1142 3516 tandem

114 3561 202 3628 illum
232 3562 358 3646 justitiae
398 3584 442 3631 ex
472 3562 588 3645 vagina
624 3556 832 3624 cunctationis
874 3567 986 3616 vestrae
1027 3555 1139 3632 eripite

114 3667 270 3751 gladium!
302 3688 363 3729 nec
387 3666 481 3730 sinite
502 3666 536 3727 iu
561 3666 624 3726 hoc
645 3665 767 3725 latrone
785 3655 971 3740 puniendo,
994 3653 1142 3716 hebescat

115 3769 280 3833 Gennana
301 3769 370 3844 aar«)
395 3765 575 3832 severitatis
597 3765 690 3829 acies.
739 3761 912 3844 iudignum
930 3767 995 3830 est,
1025 3764 1141 3834 turpe,

150 4003 180 4072 *)
200 4013 290 4069 cauus,
325 4011 400 4064 culus.
454 3999 501 4068 “l
519 4016 558 4066 et,
588 4019 623 4054 ac.
671 3993 740 4062 Ψ)
764 4000 826 4048 uach
850 3993 978 4046 hebescat:
1007 3997 1140 4045 Garumna

149 4097 290 4153 belgerezt,
311 4097 358 4140 und
376 4101 470 4141 vestm
486 4089 705 4149 orrrcnrenrtctren.
