2624 5108
1016 622 1048 683 a

553 754 593 830 in
618 753 773 836 Turcas,
1090 748 1166 839 iub

148 941 240 1011 robis
258 943 382 1028 publica
398 944 554 1027 prodiisse
567 945 732 1029 tupitudo
748 953 887 1029 paterer.
922 944 1003 1012 Nam
1018 944 1046 1011 si
1062 945 1166 1031 turpia
1278 994 1284 999 -

145 1057 220 1112 sunt
240 1047 322 1123 haee,
352 1066 543 1131 quacunque
562 1068 604 1110 ex
624 1067 735 1122 causa,
766 1058 819 1112 aut
838 1046 929 1124 cujus
948 1045 1040 1129 cujus
1060 1045 1094 1109 ri
1112 1045 1165 1124 aio

144 1145 350 1228 proveniant,
371 1157 490 1230 quanto
515 1154 658 1233 turpiora
679 1147 838 1210 censenda
861 1156 950 1224 sunt,
971 1146 1028 1208 ubi
1047 1169 1064 1210 a
1084 1147 1166 1211 Ger·

145 1245 253 1310 mania
272 1244 466 1328 principatu,
487 1258 584 1328 atque
598 1267 617 1310 a
633 1245 734 1308 nobili
752 1245 832 1309 illius
847 1246 1003 1328 splendidi
1019 1246 1165 1328 corporis

146 1344 266 1425 capite,
297 1367 392 1430 quarn
410 1345 437 1408 si
454 1345 580 1409 aliunde
600 1345 820 1410 descendant?
858 1348 970 1410 Nullus
989 1346 1088 1431 magis
1109 1348 1166 1429 de·

146 1444 278 1522 format,
324 1468 420 1530 quam
452 1446 509 1530 qui
538 1444 651 1510 faciem
676 1445 790 1508 invasit
815 1447 956 1512 morbus.
1010 1449 1060 1510 Ne
1090 1447 1166 1515 mibi

147 1544 336 1622 irascimini,
364 1567 405 1609 ne
424 1544 585 1610 molestius
604 1546 703 1621 tene,
721 1548 780 1610 sed
797 1548 932 1612 civiliter
951 1546 1104 1631 accipite,
1132 1549 1165 1612 in

147 1645 239 1709 vobis
259 1646 328 1730 quie
348 1645 455 1710 insunt
474 1645 568 1723 vitia,
595 1648 731 1711 maxime
749 1667 809 1710 nos
829 1648 1000 1724 dedecent,
1022 1649 1165 1733 quando·

147 1747 276 1832 quidem
300 1746 362 1812 isto
387 1767 553 1810 censemur
579 1746 702 1827 capite,
733 1746 774 1809 ab
794 1747 853 1809 hac
876 1760 1053 1828 spectamur
1071 1749 1165 1814 facie.

147 1849 235 1929 Ergo
264 1847 361 1928 igitur
390 1847 582 1928 resipiscite,
620 1866 657 1908 ac
682 1866 723 1910 ue
750 1867 860 1909 ornnes
887 1868 1071 1929 pereamus,
1104 1869 1164 1913 vos

144 1959 278 2011 servate.
317 1945 536 2011 Convalescite
554 1946 673 2026 capita,
701 1966 743 2009 ne
763 1947 867 2010 omnia
885 1949 1059 2012 universim
1078 1969 1165 2014 com·

146 2047 319 2118 moriautur
343 2045 500 2121 membra,
533 2065 569 2109 ac
596 2045 673 2110 iilud
699 2067 741 2110 ne
766 2048 898 2111 intereat
924 2069 1053 2130 corpus.
1092 2050 1165 2116 Vos

145 2148 222 2211 boui
251 2168 288 2210 ac
314 2146 386 2211 mali
412 2145 514 2209 omnis
542 2146 647 2210 fontes
673 2158 706 2210 et
732 2142 846 2232 origo,
882 2146 944 2211 alio
969 2148 1066 2232 iram,
1099 2147 1163 2237 alio

145 2247 353 2322 discordiam,
387 2266 424 2310 ac
451 2246 541 2319 lites;
576 2246 610 2308 in
633 2267 693 2309 nos
719 2269 830 2329 pacem
853 2246 1013 2330 spargite,
1043 2246 1077 2331 in
1103 2245 1164 2310 uo's

146 2346 284 2431 quietern
309 2366 346 2412 ac
368 2357 507 2412 mutuam
533 2345 733 2410 dilectionem
755 2347 895 2411 emittite.
939 2346 1053 2422 Donec
1078 2347 1164 2414 enim

146 2444 213 2509 istis
229 2445 313 2508 vitiis
330 2465 459 2527 operam
476 2445 571 2522 datis,
592 2467 700 2513 omncs
719 2445 779 2510 sibi
794 2446 889 2509 licere
906 2446 1077 2528 putabunt,
1098 2447 1163 2513 vim

145 2545 285 2620 inferre,
321 2544 438 2624 injuria
467 2549 611 2628 pulsare,
650 2546 751 2609 aliena
778 2566 903 2628 rapere.
952 2549 1061 2632 Atque
1089 2547 1164 2612 hine

144 2659 257 2712 mutuae
276 2647 486 2727 direptiones,
506 2645 684 2721 iatrocinia,
705 2645 805 2708 caedes
825 2655 856 2709 et
875 2666 896 2708 ο
916 2646 1016 2728 patria
1033 2646 1109 2712 nihi
1127 2648 1163 2715 iu

145 2749 311 2813 Germania
325 2749 439 2823 fidum,
460 2746 537 2812 nihii
552 2758 662 2811 tutum.
700 2745 764 2808 Ubi
779 2748 867 2809 iocus
884 2738 987 2811 estad
1004 2750 1163 2833 quendam

143 2850 234 2932 quasi
249 2849 408 2930 privatum
422 2869 526 2913 meum
540 2834 644 2911 uestra
660 2845 773 2922 venia,
794 2847 937 2911 dolorem
955 2849 1162 2916 descendere.

144 2947 230 3011 Male
250 2949 393 3012 audimus
410 2971 428 3011 a
443 2948 633 3033 quibusdam
644 2934 770 3030 ‘equites
780 2948 948 3025 Germani,
969 2949 1003 3012 in
1019 2963 1162 3034 raptores
1288 3032 1290 3036 Α

143 3047 397 3111 exclamantibus.
435 3049 510 3109 Non
538 3047 760 3128 patrocinabor
785 3047 924 3124 crimini,
958 3071 976 3112 a
1001 3072 1067 3135 quo
1093 3053 1163 3117 iou·

143 3145 271 3231 gissime
295 3164 420 3224 semper
444 3143 550 3220 abfui,
583 3166 688 3228 aquo
709 3147 875 3225 abhorrui,
901 3150 991 3232 quod
1010 3151 1164 3223 detestor,

144 3247 217 3310 ilios
239 3257 342 3308 tamen
361 3242 418 3327 qui
438 3243 494 3328 qui
513 3254 586 3306 sunt
611 3266 679 3307 nou
697 3246 796 3328 patiar
815 3248 883 3312 aliis
911 3253 1060 3315 molestos
1079 3270 1161 3329 esse,

142 3357 176 3412 et
193 3346 321 3411 festuca
341 3343 546 3429 questionem
564 3365 713 3425 movere,
749 3349 933 3435 priusquam
956 3351 998 3414 de
1024 3350 1164 3417 criminis

144 3468 257 3523 causa,
298 3455 330 3508 et
353 3441 438 3508 iila
428 3464 462 3506 ur
487 3446 581 3510 oculo
607 3467 667 3513 suo
692 3447 780 3513 trabe
805 3462 1026 3532 pertractatum
1052 3453 1162 3518 tuerit.

144 3547 230 3630 Quid
249 3543 377 3622 dicam?
395 3542 506 3608 Multis
524 3558 610 3612 certe
628 3548 735 3622 verbis
749 3550 814 3612 lucc
833 3553 955 3634 agenda
970 3573 1063 3619 cama
1083 3565 1161 3632 erat,

142 3647 200 3711 sed
228 3646 328 3709 dicam
358 3642 507 3708 breuiter.
557 3645 639 3725 Qua
670 3651 712 3710 eir
745 3649 957 3737 Principibus
975 3663 1070 3728 suut,
1092 3655 1163 3738 qui

142 3747 287 3831 rapiunt,
314 3743 440 3831 quidam
465 3746 551 3828 (quo
578 3745 640 3807 alio
663 3747 749 3810 enim
771 3745 872 3810 verbo
894 3759 965 3813 utar
984 3751 1018 3817 in
1034 3771 1071 3815 re
1090 3752 1161 3830 tali)

143 3849 200 3933 qui
218 3847 342 3929 rapiunt
362 3845 508 3930 inquam,
541 3855 637 3928 atque
655 3842 689 3909 in
708 3845 766 3909 iilis
785 3868 845 3909 nos
864 3861 1016 3915 exercent
1033 3849 1163 3932 rapinis,

143 3957 176 4012 et
198 3949 272 4032 quia
296 3947 330 4010 in
353 3946 486 4010 aliorum
509 3944 646 4020 invidia,
677 3944 730 4011 alii
750 3945 792 4010 ad
809 3945 972 4011 latrocinia
991 3935 1164 4010 connivent

142 4068 180 4112 ac
205 4050 293 4111 alunt
316 4045 376 4126 ipsi
403 4048 556 4122 latrones,
589 4043 705 4110 deinde
728 4046 802 4131 quia
821 4042 889 4111 uon
906 4044 1029 4132 geritru
1047 4047 1164 4113 beilum

141 4148 245 4224 ioris,
270 4157 306 4210 ut
322 4145 362 4209 sit
380 4166 447 4228 quo
468 4166 504 4208 se
522 4145 611 4209 multi
630 4157 762 4230 egentes
780 4145 971 4226 stutiueant,
999 4147 1164 4235 quoniam·

144 4267 209 4332 que
234 4265 462 4328 nonnunquam
487 4243 581 4306 nobis
608 4265 741 4331 quoque
764 4267 823 4329 per
846 4246 914 4314 rim
938 4248 1087 4337 auferunt
1105 4269 1165 4330 po·

144 4347 314 4422 tetriores,
349 4345 500 4430 quoniam
523 4343 583 4412 bu
608 4343 740 4431 iuquam
761 4348 861 4427 fiunt,
893 4358 928 4413 et
953 4350 1106 4417 docemur
1131 4360 1164 4415 et
