2624 5108
144 900 212 967 182
385 888 430 963 In
453 883 641 959 Ultimum
666 885 919 987 Wirtenberg.

146 1099 179 1149 to
205 1083 399 1169 precipitem
424 1078 580 1158 abjicias?
614 1078 796 1142 inferorum
830 1099 906 1143 sene
931 1096 1057 1161 poenas,
1091 1098 1173 1162 quas

144 1206 302 1251 essenon
323 1183 443 1259 eredis,
463 1202 532 1245 non
548 1180 672 1245 metiris.
711 1183 827 1265 Neque
845 1182 947 1256 illum,
967 1200 1065 1265 quem
1082 1179 1174 1245 futu·

144 1310 215 1351 rum
235 1307 302 1349 non
327 1296 419 1369 putas
445 1282 581 1347 extremi
606 1281 718 1361 judieii
737 1282 821 1346 diem
840 1282 1067 1363 perhorreant.
1107 1284 1175 1367 Qui

143 1389 246 1451 taliter
266 1408 303 1450 ae
322 1397 357 1449 tu
375 1386 507 1451 affectus
527 1394 591 1459 est,
610 1403 719 1467 neque
738 1384 845 1448 Deum
863 1376 967 1459 tiinet,
986 1400 1097 1469 neque
1116 1384 1174 1449 ιιιι

142 1512 195 1553 res
216 1488 323 1570 magni
347 1486 433 1549 feeit
471 1484 557 1549 Hine
579 1490 644 1559 est,
680 1486 769 1569 quod
788 1496 832 1555 ιιι
843 1486 940 1549 tidem
959 1506 1026 1547 non
1045 1504 1173 1562 sem»,

143 1592 234 1675 quod
252 1586 490 1673 jusjurandum
499 1578 652 1671 ιιιςιιςὶι,
678 1586 801 1649 foedera
819 1584 1003 1665 partubus,
1036 1598 1070 1649 et
1088 1586 1173 1651 illam

142 1690 297 1757 nefariam
320 1700 406 1753 tuam
425 1682 599 1757 libidinem
599 1685 832 1751 innocentium
857 1686 1013 1771 sanguine
1039 1690 1171 1789 explere

142 1794 269 1868 studes,
289 1792 380 1877 quod
389 1774 890 1868 interfectiones,proditionem,
907 1754 1169 1871 ingratitudinem

141 1895 262 1959 scelera
294 1913 361 1954 non
388 1890 568 1971 existimas,
615 1889 709 1974 quod
735 1908 843 1972 neque
872 1888 998 1953 laudem
1019 1890 1168 1967 ¹,bonum

140 2015 249 2077 neque
275 1992 437 2056 infamiam
461 1992 577 2053 malum
605 2000 717 2053 censes
739 1990 780 2067 a)
824 1989 925 2067 Mitto
949 1988 1044 2081 enipi
1060 1993 1102 2055 de
1122 1991 1171 2057 iris

139 2094 266 2170 dice1·,e
294 2114 365 2177 mne
381 2093 416 2155 in
431 2092 516 2156 fama
533 2080 625 2166 sunt’,
645 2088 908 2175 quaeqiejmmo
926 2068 1070 2175 populo,
1089 2093 1173 2158 intra

141 2209 212 2260 tuas
232 2196 346 2270 urbes,
375 2195 409 2257 in
432 2205 486 2257 tun
511 2194 599 2268 aula,
628 2192 668 2254 ad
686 2202 783 2254 tuum
803 2211 908 2273 usque
927 2195 1081 2257 conclave
1084 2208 1173 2277 per-

141 2296 268 2381 vulgata
288 2308 378 2369 sunt,
399 2298 513 2371 destun
531 2292 651 2359 scilieet
670 2292 901 2369 vitpluxuria,
928 2314 1025 2378 quem
1042 2306 1173 2360 tuorum

140 2399 267 2481 spoliis,
290 2418 326 2463 ac
347 2396 466 2478 rapinis
488 2398 612 2460 toleres
619 2396 681 2472 Μ)ι
718 2396 769 2458 De
787 2405 843 2457 tua
857 2395 989 2459 ludendi
1009 2395 1172 2474 eviditite,

140 2502 299 2584 adquam
325 2500 478 2563 sudorem
504 2519 541 2561 oo
574 2495 760 2579 sanguinem
792 2516 971 2607 pauperum
1007 2496 1173 2582 exquires.

140 2601 191 2665 De
206 2601 300 2664 toties
315 2603 502 2682 proculcato
516 2598 571 2662 abs
586 2610 617 2660 te
632 2598 768 2679 pudore.
806 2582 892 2660 De''
871 2620 926 2671 ns,
943 2592 1017 2679 ¹optat
1030 2596 1057 2660 si
1073 2598 1174 2663 velim

141 2701 253 2777 etiam,
292 2701 370 2764 citra
397 2700 598 2764 verecundi-o
627 2718 704 2761 mese
735 2696 896 2779 jamnem
918 2716 1173 2787 commemorare

140 2803 225 2867 haud
241 2802 372 2882 possim.
411 2803 526 2863 Detua
537 2798 704 2879 superbia,
723 2810 847 2881 tuoque
853 2794 962 2883 fastu,
981 2818 1018 2860 ae
1031 2808 1173 2863 tumore.

140 2901 286 2976 Deinde,
320 2900 588 2984 quemadmodum
611 2922 665 2975 ea,
697 2920 767 2982 quae
795 2896 938 2995 studipse
958 2897 1006 2961 tui
1035 2919 1173 2982 conges-

142 3011 269 3074 serunt,
310 3011 347 3062 tu
372 3000 566 3084 largissime,
602 3022 638 3062 ao
673 2999 946 3080 sumptuosisdme
970 3000 1172 3082 profundas,

142 3099 314 3181 dilapides,
346 3123 382 3164 no
407 3100 581 3184 disperdas.
627 3103 696 3164 Nee
717 3102 795 3164 iliud
820 3121 1018 3186 magnopere
1036 3101 1093 3164 tibi
1114 3103 1172 3165 ob-

141 3199 265 3282 jiciam,
299 3204 567 3289 quemadmodum
588 3202 673 3267 illum
691 3222 801 3266 senem
826 3198 983 3266 abbatem'
997 3202 1171 3281 invaseris,

142 3304 200 3388 qui
215 3325 288 3370 cum
302 3305 444 3367 omnium
458 3303 640 3365 testimonio
654 3304 751 3367 rebus
766 3304 907 3368 ecclesie
917 3328 983 3368 sure
997 3305 1172 3385 profuisset

141 3407 244 3479 bene,
284 3405 397 3466 abste
429 3400 594 3482 conjectus
624 3416 671 3465 est
701 3405 733 3467 in
761 3425 939 3481 carcerem,
979 3416 1012 3467 et
1035 3407 1171 3486 pecunia

143 3506 327 3578 muletatus,
372 3504 489 3567 deinde
523 3525 575 3567 res
608 3506 745 3569 coenobii
782 3507 931 3589 direptae,
967 3526 1070 3570 senex
1103 3506 1172 3590 ipse

144 3605 267 3665 honore
285 3603 437 3684 privatus.
489 3607 604 3688 Quod,
630 3617 796 3691 utcunque
821 3607 940 3672 sactum
963 3606 1020 3671 obs
1047 3621 1081 3672 te
1106 3621 1172 3685 est,

143 3725 210 3767 non
231 3705 362 3767 multum
385 3726 510 3789 quaero,
542 3729 649 3792 neque
669 3708 738 3789 ipse
763 3730 861 3791 super
883 3709 932 3774 his
961 3707 1082 3792 judico.
1131 3712 1174 3772 Et

142 3807 176 3868 in
204 3826 341 3886 presens
365 3805 441 3871 nihil
466 3830 577 3892 agorn,
610 3810 699 3892 quod
729 3811 767 3872 ad
793 3832 853 3875 nos
879 3812 965 3875 hand
993 3808 1172 3890 pertineat,

142 3927 203 3972 neo
228 3918 318 3971 extra
352 3929 453 3972 meam
482 3930 609 3973 eausam
634 3910 875 3993 peregrinabor.
935 3914 1043 3993 Quare
1075 3910 1174 3974 etium

142 4030 209 4072 non
225 4008 373 4090 objiciam
391 4010 447 4074 tibi
466 4030 507 4073 ex
522 4010 656 4073 fortuna
673 4023 765 4075 tuum
781 4011 867 4074 iilum
884 4025 1053 4093 patruum,
1078 4009 1173 4093 cujus

142 4121 205 4173 tam
229 4111 354 4192 perdita
379 4109 442 4172 suit
465 4109 583 4185 libido,
618 4122 655 4174 ιιι
679 4133 721 4185 ne
746 4135 764 4175 a
790 4112 900 4179 bestiis
920 4112 1052 4196 quidem
1076 4110 1175 4175 msti-

142 4210 258 4275 nuerit.
298 4212 341 4273 Et
350 4211 391 4272 de
404 4221 461 4273 tuo
471 4221 560 4295 patre
573 4212 649 4276 nihit
659 4225 816 4295 repetam,
837 4214 894 4297 qui
906 4215 998 4297 quod
1008 4208 1175 4295 plebeium

141 4310 301 4375 bominem
316 4333 374 4395 per
387 4311 505 4379 suriam
517 4314 692 4399 suspendio
702 4317 845 4393 necavit,
865 4314 930 4396 jam
944 4334 1033 4378 nunc
1043 4334 1174 4379 earcere

141 4459 336 4475 w

176 4540 206 4606 ⁸)
226 4565 326 4610 censes,
345 4557 422 4611 putas.
458 4545 508 4618 ⁸⁸)
526 4560 635 4617 toleres,
657 4558 771 4605 ιιιιιιιιιι.
