2624 5108
97 1411 335 1485 Richardo
386 1413 540 1487 Croeo
590 1414 820 1495 Britanno
870 1415 1114 1492 amico.et

193 1533 397 1608 literato
424 1546 471 1607 et
494 1539 666 1632 probo,
700 1562 890 1637 graecaa
923 1539 1115 1637 pariter

100 1694 103 1699 ·
195 1681 246 1727 ac
284 1656 468 1730 latinas
513 1659 699 1756 Liptzae
744 1660 919 1735 literas
968 1661 1116 1759 profi·

195 1778 320 1851 tenti
346 1778 440 1851 sibi
466 1779 800 1857 dilectissimo

533 1982 674 1997 ψ

218 2100 396 2172 L'lrielrus
420 2100 465 2171 <le
489 2102 632 2173 Hntten
653 2100 853 2176 Richardo
880 2102 999 2176 Croeo
1101 2062 1107 2075 ⁸

459 2224 621 2295 sulutem
654 2224 755 2297 dicit.

98 2359 184 2451 Uno
213 2390 391 2469 eodemque
420 2388 569 2467 temporis
589 2401 749 2451 momento
776 2390 893 2452 sacuam
914 2398 980 2463 est,
1010 2400 1118 2466 utet,

99 2500 134 2552 tu
155 2488 210 2552 ubi
232 2490 291 2561 sis,
321 2488 485 2563 rescirem,
517 2491 605 2572 quod
624 2490 743 2569 aliquot
759 2487 821 2568 jam
843 2510 967 2553 menses
987 2488 1120 2551 varianti

99 2612 228 2653 rumore
247 2588 482 2662 dubitaveram,
510 2600 542 2651 et
560 2591 662 2652 nuntii
681 2591 810 2671 Lipsam
831 2589 904 2651 ituri
923 2610 993 2652 sese
1024 2591 1120 2652 offer-

98 2702 192 2764 rent,
232 2688 357 2771 fuitque
383 2689 458 2750 illud
491 2689 523 2750 in
551 2711 662 2763 eausa,
694 2701 745 2764 nt,
785 2711 884 2773 (prum
918 2690 1034 2772 longos
1062 2688 1119 2751 tibi

98 2790 339 2852 commentarios
360 2801 470 2851 texere
490 2790 619 2864 veliem,
641 2789 696 2851 vix
715 2789 846 2854 brevem
864 2790 943 2852 hanc
957 2788 1121 2871 epistotam

97 2892 278 2954 celerarem.
330 2890 461 2951 Certum
498 2889 593 2971 igitur
623 2890 725 2965 habe,
770 2889 955 2954 amicissime
991 2887 1120 2966 Croee,

99 3011 227 3064 eornm,
250 3012 319 3072 ane
339 2991 479 3070 inprimis
496 3000 591 3071 opto,
612 3012 711 3053 unum
729 3012 799 3054 esse
819 2992 897 3067 hoe,
917 3001 953 3053 ut
972 3000 1007 3052 tu
1026 3010 1123 3073 qnam

100 3090 279 3154 felicissime
311 3111 399 3171 ogas,
434 3103 528 3174 atrpre
560 3084 604 3165 is,
636 3090 688 3153 cui
715 3104 749 3154 tu
781 3091 829 3154 his
860 3090 1024 3167 moribus,
1062 3092 1121 3155 hae

103 3190 283 3253 eruditione
312 3192 407 3251 lunno
441 3190 603 3272 displices,
643 3202 762 3255 tantum
789 3190 829 3254 ab
860 3189 945 3254 omni
974 3190 1125 3253 felicitate

103 3290 198 3367 absit,
224 3303 375 3375 quantum
394 3303 426 3352 te
448 3312 510 3373 ego
532 3291 571 3353 ab
591 3292 677 3355 omni
697 3292 898 3355 incommodo
918 3291 1002 3353 votis
1024 3288 1124 3353 omni-

100 3390 161 3455 bns
182 3393 320 3456 abesse
341 3393 459 3473 enpio
480 3390 523 3467 ξ’).
559 3392 735 3455 Narrantur
754 3392 829 3456 mihi
848 3391 987 3473 epistolae
1009 3388 1125 3453 obseu-

13 3536 16 3542 -
99 3515 210 3556 rorum
230 3492 374 3556 virorum
400 3504 465 3555 tota
493 3492 664 3555 Germania
687 3492 865 3577 divulgari,
895 3502 928 3579 et
953 3491 1038 3573 apnd
1066 3512 1125 3553 vos
1181 3494 1183 3501 ⁴

103 3614 237 3677 quoqne
258 3594 365 3655 haberi
386 3592 417 3654 in
437 3592 581 3657 manibus
602 3595 727 3676 gaudeo
748 3594 876 3670 absens,
912 3613 979 3654 non
997 3589 1125 3654 nescius

103 3692 225 3754 interea
238 3716 331 3776 quarn
347 3693 438 3756 isthic
451 3715 509 3759 ros
528 3694 727 3775 triumphetis
737 3704 906 3772 presentes
921 3693 985 3768 his,
1009 3693 1126 3775 quilius

101 3807 399 3857 monumentum
427 3794 475 3871 ¹²³³)
502 3797 562 3856 hoe
596 3794 631 3855 fu
666 3791 857 3855 insultando.
908 3794 980 3873 Age
1009 3792 1126 3873 igitur,

102 3894 177 3956 nihil
199 3893 385 3969 intermitte,
407 3895 495 3978 qnod
509 3892 637 3979 quidem
656 3891 842 3954 divexarulis
861 3892 1003 3970 possimis
1026 3889 1128 3953 homi·

103 3994 198 4055 nibus
218 4016 373 4076 usurpare
387 3995 500 4076 possis.
537 3994 677 4058 Barbare
690 3992 834 4056 ridentur
847 3991 983 4055 barbari.
1025 3992 1129 4072 Quam

103 4136 297 4155 A*

129 4221 161 4289 ⁴)
176 4230 250 4277 Dtese
268 4233 353 4278 beiden
373 4233 460 4280 Worte
479 4235 558 4281 setzte
584 4235 712 4281 nltttler
729 4246 771 4280 aus
789 4232 880 4279 verm
890 4229 967 4275 nthu
979 4241 1018 4286 ng
1036 4228 1126 4279 tnuzu,

174 4316 230 4360 weit
250 4316 291 4360 das
309 4317 457 4373 Marrusrript
477 4317 529 4362 hier
546 4320 681 4366 verdorten
700 4321 738 4365 ist.

128 4388 177 4459 ⁸⁸)
195 4400 262 4445 Aucti
284 4400 336 4445 trier
359 4400 389 4444 ist
409 4400 446 4444 die
460 4400 614 4448 Handseluitt
630 4404 772 4460 senarum,
791 4400 838 4449 tmd
856 4399 897 4444 ‘¹²⁸
920 4396 993 4442 Wott
1021 4409 1044 4440 ¹1¹
1056 4407 1131 4440 ortu*

191 4496 213 4529 u
223 4487 300 4531 eutn
311 4496 334 4529 m
356 4483 499 4531 rernnthet.
