2624 5108
144 863 192 937 il
262 824 267 831 ¹
422 863 477 937 Ad
501 864 644 941 Ludos.
668 866 868 941 Huttenum
898 899 901 902 ’

143 1055 328 1120 solationem
352 1055 533 1132 admittere,
567 1056 657 1122 nimis
682 1058 833 1142 imparem
859 1079 918 1140 per
943 1069 1016 1122 tuos
1035 1054 1156 1122 liberos

143 1176 281 1220 amorem
292 1158 437 1237 dispertio
450 1159 491 1234 ll)‚
512 1178 650 1241 quorum
659 1180 757 1222 unum
768 1169 928 1221 mortuum
941 1157 1040 1241 magis
1052 1178 1154 1226 curas,

143 1278 237 1340 quam
250 1257 405 1327 viventeis
422 1268 570 1341 quatuor.
605 1259 712 1321 Tuum
731 1270 832 1322 lamen
847 1259 892 1322 ibi
909 1256 1064 1339 judicium
1081 1257 1157 1321 nihil

141 1377 268 1431 moror,
299 1359 405 1419 saltem
424 1356 623 1434 memineris,
658 1358 736 1443 quid
755 1359 932 1433 tenerent,
963 1369 1057 1440 atque
1075 1356 1158 1420 intra

142 1456 236 1519 officii
255 1456 301 1518 tui
319 1456 431 1520 limites
451 1458 598 1521 verseris.
637 1458 718 1521 Sane
738 1458 827 1542 quod
850 1458 886 1523 in
906 1457 1041 1521 orbitate
1058 1456 1158 1537 pessi-

141 1574 227 1618 mum
247 1566 312 1630 est,
332 1566 368 1616 ut
385 1546 540 1620 desolatos
557 1554 682 1632 reddat,
713 1558 746 1621 id
775 1569 840 1621 ate
859 1558 1039 1643 longissime
1058 1558 1156 1620 abest.

141 1657 223 1719 Nam
255 1656 340 1720 solus
371 1677 438 1719 non
470 1677 516 1719 es.
566 1658 673 1721 Habes
700 1669 764 1722 tres
793 1657 893 1733 lilios,
936 1659 1059 1740 optimas
1088 1657 1158 1738 spei

86 1794 89 1801 ·
141 1752 295 1835 juvenes,
329 1766 424 1840 atque
447 1758 561 1821 borum
584 1759 737 1822 maximus
763 1767 839 1818 natu
868 1759 1091 1834 Ludssichtcs,
1124 1768 1157 1818 et

142 1855 269 1918 maritus
290 1867 354 1933 est,
389 1867 421 1917 et
440 1870 538 1937 pater.
587 1858 695 1922 Habes
720 1857 813 1921 filiam
836 1867 869 1922 et
892 1854 991 1937 ipsam
1014 1867 1154 1931 matrem,

119 1974 184 2016 ex
203 1956 288 2017 claro
308 1955 417 2040 equite
435 1956 596 2031 Zsysolfo
618 1960 656 2014 de
672 1956 897 2038 Βωσηόονράμ
923 1956 975 2021 Ab
999 1956 1047 2020 his
1072 1957 1155 2019 desi.
1231 1982 1235 1989 ·

142 2054 264 2116 derium
284 2055 401 2116 resaroi
427 2066 527 2117 tuum·
565 2050 617 2121 Sic
640 2052 771 2134 lugere,
802 2053 849 2117 sic
873 2052 1010 2137 projici,
1042 2056 1157 2140 ingrati

143 2153 319 2225 coelestibus
334 2149 659 2229 *ttbsmuaiissnimi
676 2163 734 2217 est.
770 2154 884 2238 Neque
902 2177 1042 2238 unquam
1065 2167 1157 2238 puta·

142 2250 222 2315 bunt
250 2273 286 2315 se
305 2255 402 2317 amari
422 2253 477 2318 abs
502 2251 586 2314 tabi
608 2262 670 2317 nm
689 2252 778 2336 digni
802 2255 1040 2331 amoreliberi‚
1068 2255 1156 2319 sisa

142 2355 223 2418 adeo
236 2354 355 2438 negligi
365 2353 518 2430 viderint,
536 2350 662 2418 utuolis
673 2351 803 2430 vivers,
820 2366 854 2428 et
867 2357 955 2419 luctu
966 2376 1096 2431 vacare,
1121 2367 1155 2418 et

141 2474 176 2517 se
193 2453 268 2518 lrui.
306 2454 354 2518 lta
369 2453 465 2518 istum
485 2464 644 2522 mortuum
658 2453 751 2528 dole,
773 2466 809 2520 ut
829 2475 864 2519 es
880 2456 938 2518 hos
953 2456 1079 2519 interim
1091 2458 1157 2533 aaa)

145 2575 295 2653 agnoscas
311 2567 343 2618 et
356 2554 412 2621 tibi
426 2567 561 2620 constes.
594 2556 775 2638 Antequam
791 2555 849 2619 tibi
863 2567 953 2617 natus
967 2567 1048 2621 esset
1062 2556 1155 2632 lilius,

142 2655 234 2718 talem
261 2654 389 2740 quidem
418 2656 546 2737 optabas
572 2653 629 2715 tibi
655 2655 858 2736 contingere,
886 2653 985 2737 qualis
1008 2654 1059 2717 bic
1082 2656 1154 2732 luit,

143 2757 200 2820 sed
227 2767 259 2818 et
288 2757 392 2819 donec
416 2776 483 2818 non
508 2753 660 2835 contigit,
693 2773 784 2836 aquo
811 2752 899 2817 luisti
924 2753 1050 2830 auimo,
1084 2776 1157 2819 cum

143 2856 239 2920 scires
259 2855 299 2915 ad
323 2866 465 2918 nostrum
490 2851 651 2917 arbitrium
672 2853 748 2916 nibil
761 2853 804 2914 in
828 2853 923 2916 rebus
950 2856 1048 2929 verti,
1078 2867 1111 2916 et
1129 2856 1156 2920 si

144 2956 222 3040 quid
251 2965 364 3034 preter
399 2965 539 3034 optatum
572 2952 664 3016 nobis
700 2952 845 3028 eveniat,
883 2953 1040 3018 stamineas
1073 2955 1153 3019 adeo

144 3057 292 3130 stultum,
313 3054 393 3118 adeo
405 3054 583 3119 dementem
594 3074 665 3120 esse
675 3053 808 3128 debere,
826 3053 882 3136 qui
892 3053 977 3128 aaut)
991 3053 1155 3138 indignum

78 3189 81 3193 ⁴
141 3155 204 3222 boc
227 3155 326 3231 dicat,
353 3157 404 3218 vel
423 3166 547 3217 accuset
565 3155 679 3218 Deum.
716 3154 780 3218 Sed
797 3175 864 3215 nou
883 3153 939 3215 ‹liu
965 3166 1012 3216 est
1033 3167 1159 3234 sperata·

142 3257 196 3320 abs
211 3268 242 3320 te
257 3255 413 3338 ejusmodi
425 3258 540 3336 proles.
574 3254 648 3316 Sive
662 3253 745 3315 enirn
759 3251 864 3336 aliqua
874 3254 936 3318 Dei
952 3254 1153 3336 benignitate,

149 3361 216 3422 sive
235 3380 309 3422 casu
328 3368 360 3420 et
376 3355 512 3436 propitia
532 3366 608 3419 tunc
628 3355 777 3429 fortuna,
809 3365 898 3417 uatus
919 3354 975 3415 tibi
994 3376 1070 3416 rara
1090 3355 1156 3417 vir-

143 3459 217 3521 tutis
240 3459 321 3521 lilius
340 3467 406 3530 est,
437 3466 531 3538 atque
550 3454 576 3517 is
596 3472 667 3517 cum
686 3465 795 3533 suapte
817 3452 951 3527 virtute,
976 3453 1157 3518 universam

64 3580 67 3586 ’
143 3546 230 3640 prius
265 3555 464 3619 Germaniam
495 3553 598 3617 studio
634 3553 683 3616 sui
714 3552 952 3629 inflammasset,
995 3552 1157 3618 occubuit.

141 3658 321 3740 Utrumque
346 3654 421 3718 nihil
449 3665 515 3730 ast,
546 3664 579 3715 et
606 3655 696 3737 quod
722 3666 811 3717 uatus
839 3667 905 3731 est,
938 3667 970 3717 et
994 3656 1084 3738 quod
1110 3655 1159 3719 sic

143 3756 268 3821 interiit.
324 3753 393 3820 Cur
421 3754 506 3818 enim
533 3753 632 3837 magis
663 3756 750 3819 doles
776 3753 931 3830 ablatum,
969 3777 1063 3838 quam
1080 3777 1158 3820 uon

57 3930 67 3950 ·
141 3868 217 3920 nato
238 3855 360 3919 solebas
379 3855 584 3920 contristari?
611 3857 661 3921 Ac
680 3853 788 3922 uesuo
808 3876 848 3917 an
867 3856 1002 3935 optatior
1021 3856 1052 3919 ei
1070 3878 1157 3923 mors

142 3956 284 4020 accidere
309 3958 459 4036 potuerit.
511 3954 637 4020 Occidit
663 3957 764 4031 enim,
792 3967 961 4038 postquam
987 3955 1156 4019 clarissima

140 4056 263 4139 optimae
290 4056 404 4121 indolis
429 4055 639 4131 monimenta,
682 4078 719 4120 ac
745 4056 983 4122 laudatissimam
1013 4058 1062 4126 sui
1090 4079 1158 4123 me·

140 4157 271 4221 moriam
295 4157 473 4241 reliquisset
503 4156 669 4235 omuibus,
705 4179 726 4224 s
756 4157 914 4227 desiderio
939 4179 976 4221 ac
1004 4158 1182 4240 opinione·

176 4400 199 4457 *l
218 4413 349 4468 dispersis,
373 4411 511 4468 dispartiris.
547 4412 583 4462 “l
602 4415 754 4461 celestibus.
782 4415 891 4463 Deousm.
928 4404 1071 4476 ⁴⁸*).narb
1090 4418 1150 4465 bos:

174 4496 290 4552 tntsrtm,
306 4495 436 4552 beigelo'gt.
473 4486 553 4557 ΗΜ)
571 4498 631 4545 uach
650 4499 688 4557 qul
706 4502 747 4546 uel
763 4499 981 4557 durchrestricben.
