2624 5108
212 1501 379 1575 Ulrichus
403 1504 449 1577 de
472 1500 612 1575 Hutten
633 1498 848 1575 Ludovicho
874 1499 921 1574 de
945 1497 1095 1581 nutes,

539 1638 672 1714 Gentili
697 1638 764 1713 sal.

144 1952 276 2046 Omnes
291 1983 349 2066 qni
362 1979 454 2044 istinc
465 1982 506 2045 ad
518 2001 577 2044 nos
593 1993 783 2059 commeant,
804 2002 931 2046 narrare
948 1981 1022 2046 milri
1042 1982 1154 2056 solent,

142 2096 239 2167 quarn
262 2104 330 2144 non
353 2081 482 2145 fortiter
508 2081 611 2145 amissi
640 2080 695 2144 lilii
722 2102 828 2144 casnm
854 2083 963 2147 leran-
998 2084 1071 2146 Hoe
1096 2100 1158 2164 ego

141 2184 295 2264 primurn,
333 2193 387 2245 tua
416 2182 518 2246 fretus
545 2202 651 2245 rerum
671 2183 897 2262 experientia,
930 2195 966 2246 ut
997 2183 1159 2246 crederem

145 2282 254 2343 induci
281 2303 348 2345 non
381 2302 492 2363 possin
527 2302 606 2345 sum.
664 2282 730 2342 Tot
764 2282 879 2344 deinde
912 2282 1005 2345 certis
1036 2279 1158 2342 indiciis

146 2381 385 2458 arrimadversis,
406 2381 499 2445 stami
517 2381 655 2445 scribere
674 2382 714 2444 od
729 2393 776 2457 te,
805 2394 837 2442 et
855 2382 882 2444 si
901 2402 995 2465 quum
1021 2379 1160 2442 admoni-

145 2480 268 2544 tionem
286 2502 383 2546 menn
403 2482 584 2564 acciperes,
604 2480 738 2555 hortari,
769 2501 810 2542 ne
836 2481 914 2565 quid
937 2492 967 2541 tc
996 2480 1160 2561 indiguum

143 2581 257 2657 lucios,
286 2602 367 2644 neve
390 2580 580 2663 pertinacius
605 2581 702 2644 luctui
727 2581 909 2662 indulgens,
936 2583 1050 2643 mulium
1078 2583 1158 2645 mulo

143 2682 250 2757 addus.
288 2683 386 2763 Quod
404 2694 435 2743 te
455 2704 512 2763 per
530 2694 614 2746 tunm
632 2693 803 2757 senceum,
831 2703 929 2765 quum
949 2683 1076 2746 turbare
1093 2705 1159 2746 non

144 2782 312 2858 convenit,
343 2804 402 2862 per
429 2794 502 2844 tuos
529 2782 669 2859 liberos,
696 2781 752 2867 qui
778 2804 938 2867 nunquam
958 2804 1023 2846 non
1042 2783 1159 2847 dehent

145 2883 259 2946 nimmi
271 2882 327 2945 tibi
343 2883 445 2945 solatii
462 2886 534 2945 loeo
554 2904 639 2958 esse,
660 2904 735 2959 oro,
755 2903 796 2945 ne
814 2883 1013 2947 conflicteris.
1051 2884 1158 2970 Uttpie

142 3004 305 3067 propones
324 2983 397 3060 tibi,
426 2983 459 3046 id
479 2985 567 3066 quod
585 2983 778 3064 perdideris,
810 2985 950 3067 reparari
967 3006 1033 3049 uon
1052 3008 1158 3067 posse,

146 3081 272 3145 interim
298 3104 378 3146 vcro
409 3084 559 3146 diuunno
589 3103 746 3158 moerore,
786 3105 855 3167 quo
890 3085 1008 3167 negligi
1041 3087 1096 3149 abs
1125 3098 1157 3150 tc

145 3181 273 3246 minime
305 3185 401 3248 debet
434 3195 518 3246 tunn
550 3182 645 3246 vitum
679 3184 778 3246 atteri.
836 3184 933 3264 Quod
958 3184 1012 3246 Dii
1046 3187 1157 3248 melius

144 3294 287 3360 vertant,
317 3305 412 3369 quarn
435 3296 470 3347 tu
494 3282 571 3346 tanti
595 3284 688 3346 animi
707 3285 771 3361 vir,
805 3284 850 3347 sic
875 3285 909 3346 in
932 3294 1067 3367 utroque
1090 3287 1158 3351 for·

142 3395 221 3446 tuna
240 3384 415 3460 exercitus,
440 3395 503 3447 tam
522 3395 648 3446 strenue
668 3387 739 3447 olim
758 3385 791 3446 in
811 3385 906 3447 rebus
924 3396 1085 3460 versatus,
1113 3386 1159 3448 sic

140 3485 286 3562 decidas,
319 3483 364 3546 sic
391 3483 530 3546 adversis
559 3484 758 3559 succumbas,
790 3496 886 3568 teque
908 3485 1042 3566 opprimi
1063 3485 1157 3549 sinas.

143 3583 244 3647 Certe
267 3586 334 3648 duo
359 3595 433 3647 sunt
450 3584 610 3664 potissimo
631 3583 824 3647 fortitudinis
859 3585 977 3660 officia,
1017 3587 1163 3649 adversis·

143 3703 215 3744 non
238 3683 360 3768 frangi,
392 3696 424 3746 et
450 3684 594 3748 secundis
620 3704 686 3746 non
711 3683 910 3750 insolescere.
953 3686 1078 3749 Horum
1096 3690 1158 3749 hoe

143 3781 314 3860 difficilius,
342 3785 382 3847 ad
413 3784 545 3848 elloetam
571 3803 673 3867 usquc
700 3794 870 3858 senectam,
895 3786 1057 3864 splendido
1088 3785 1156 3848 lor-

141 3896 237 3960 tuna,
256 3884 388 3968 egregie
404 3884 458 3945 ahs
476 3895 505 3947 te
522 3885 691 3966 praestitum
708 3892 765 3944 est.
803 3883 877 3962 Quo
894 3884 992 3965 magis
1010 3886 1157 3963 admiror,

140 3986 178 4047 in
193 3986 307 4062 altero,
329 3985 417 4070 quod
430 3984 551 4047 facilius
566 3995 629 4059 est,
656 3982 773 4066 aliquid
787 3981 850 4065 pali
869 3982 899 4058 s)
920 3984 974 4045 abs
989 3993 1020 4047 te
1034 3985 1159 4046 deside·

140 4084 219 4149 rari.
257 4086 520 4169 Quotusquisque
539 4086 623 4148 enirn
641 4083 772 4146 fortium
793 4093 859 4158 est,
880 4082 935 4168 qui
955 4103 1019 4145 non
1038 4085 1158 4167 aeqnius

141 4187 278 4250 adversa
302 4187 399 4263 ferat,
433 4206 527 4270 quarn
552 4186 725 4265 pnrdcnter
752 4183 897 4246 secundis
924 4183 1095 4246 consistat?
1124 4183 1158 4247 Si

141 4307 228 4350 vero
247 4286 329 4348 hunc
347 4306 453 4349 casum
471 4285 547 4348 tanti
566 4283 660 4362 lacis,
691 4296 727 4349 ut
750 4287 865 4349 nullam
884 4283 1062 4349 decreveris
1082 4304 1158 4348 cou-

175 4508 200 4559 ‘l
218 4508 280 4555 uach
297 4508 384 4568 utquid
398 4511 469 4568 part,
487 4508 618 4567 ienensi.
