2624 5108
153 855 219 931 lli
389 847 432 920 In
457 847 643 922 Ulrichum
667 850 918 951 Wirtenberg.

147 1047 228 1110 Nam
251 1040 295 1110 illi
318 1042 476 1105 funestam
501 1038 692 1106 inimicitiam
717 1044 852 1126 peperit.
890 1042 999 1106 Lubet
1024 1042 1172 1106 odiosam

147 1150 322 1210 exclamare
350 1142 519 1219 virtutem,
555 1164 625 1229 qam
651 1143 771 1209 invidia
795 1164 959 1228 nunquam
985 1151 1080 1205 caret.
1119 1145 1171 1206 ·El

147 1248 174 1310 si
194 1261 225 1311 te
245 1266 285 1308 cx
305 1240 435 1308 libidine
455 1240 580 1324 potius,
610 1264 706 1329 qnam
724 1242 845 1309 invidie
863 1245 926 1308 huc
947 1243 1073 1307 saevitiae
1093 1265 1171 1326 pro·

147 1368 291 1433 gressum
310 1344 460 1410 credibile
480 1350 539 1407 eal.
575 1344 672 1407 Libet
690 1344 776 1409 enim
794 1366 890 1409 omne
906 1343 965 1408 tibi
982 1345 1117 1420 malum,
1137 1356 1173 1407 et

146 1448 223 1511 nihil
243 1450 343 1527 placet
362 1446 460 1520 boni,
479 1446 618 1507 utnulla
635 1456 697 1509 tam
716 1447 833 1528 exigua
854 1468 947 1509 causa
966 1446 1025 1521 sit,
1046 1468 1118 1529 quae
1137 1457 1170 1507 te

145 1570 213 1611 non
232 1548 272 1608 ad
295 1564 390 1609 omne
407 1547 525 1609 malum
542 1544 687 1608 facillime
707 1546 828 1609 invitet.
864 1546 973 1630 Atque
993 1569 1064 1612 eam
1084 1549 1119 1612 in
1136 1562 1169 1613 te

145 1659 290 1710 naturam
308 1645 431 1729 reperi,
455 1658 493 1710 ut
509 1656 597 1709 tuam
614 1646 762 1711 hivictam
780 1648 945 1724 malitiam,
966 1670 1033 1733 quo
1054 1670 1170 1715 vocem

145 1749 291 1824 nomme,
321 1767 386 1811 non
404 1749 546 1813 boboam.
585 1738 707 1812 Exacto
727 1750 827 1813 molus
847 1768 893 1813 es.
932 1753 1169 1838 Quemcunque

145 1860 236 1912 tuum
255 1848 422 1912 articulum
438 1849 576 1913 moverit
588 1848 679 1934 quis,
699 1861 753 1913 aut
767 1870 990 1935 quamcrmque
1005 1853 1169 1937 sariguinis

145 1962 266 2033 guttam
285 1949 530 2031 introspexerit,
547 1947 626 2014 nihil
642 1950 721 2013 boni
736 1963 793 2015 est.
832 1950 946 2016 Omnia
963 1952 1040 2016 odio
1060 1954 1168 2039 digitu,

145 2051 251 2113 omnia
269 2050 419 2126 sceleris,
449 2071 487 2113 ac
511 2046 664 2131 pemiciei
687 2054 780 2133 plena
798 2052 950 2116 inveniet.
987 2055 1170 2119 Putandum

144 2164 207 2226 est,
236 2151 394 2235 quandm
419 2153 510 2235 quasi
527 2154 682 2216 mulorum
701 2172 836 2234 opernm
856 2154 1026 2232 officinam,
1057 2174 1168 2219 rerum

143 2267 275 2320 matrem
292 2261 445 2309 staturam
465 2250 638 2317 instintione
655 2264 772 2316 tecum
815 2253 964 2319 Discerni
982 2258 1095 2320 volunt
1112 2268 1170 2321 tua

144 2355 291 2430 crimina,
312 2363 344 2416 el
360 2355 404 2417 ita
418 2354 573 2438 gradatim
591 2348 674 2418 inter
689 2374 724 2416 se
741 2350 910 2430 dissident,
931 2368 966 2418 ut
985 2377 1052 2420 uno
1071 2379 1168 2423 voca·

142 2459 219 2521 bulo
233 2454 461 2539 comprehendi
476 2454 600 2538 possint
620 2455 758 2520 minimo.
795 2454 879 2518 Nihil
893 2466 925 2519 te
936 2478 1005 2521 uno
1020 2459 1167 2522 acerbius

144 2570 207 2633 est,
239 2557 314 2621 nihil
341 2557 566 2632 truculentius,
602 2556 677 2619 nihil
712 2555 929 2631 inhumanius,
973 2568 1027 2617 aut
1055 2573 1167 2620 contra

144 2677 271 2722 omnem
300 2659 473 2721 naturalem
503 2658 658 2721 rationem
691 2658 790 2739 magis
824 2656 1044 2736 compositum.
1101 2656 1168 2720 Cui

144 2781 216 2822 cum
236 2759 388 2821 nefariam
407 2757 523 2818 caedem
543 2758 681 2832 faceres,
715 2777 820 2840 neque
840 2774 964 2818 morum
982 2756 1168 2823 innocentia

144 2861 178 2923 iu
204 2860 258 2922 illo
286 2856 419 2938 juvene,
459 2875 565 2937 neque
590 2853 684 2936 hujus
710 2854 806 2936 patris
833 2869 926 2932 aetas,
957 2867 1011 2920 aut
1029 2857 1167 2922 fortunae

143 2958 297 3040 dignitas,
330 2977 396 3040 quo
425 2955 528 3018 minus
548 2954 653 3017 omnia
676 2954 870 3033 inverteres,
903 2956 1035 3021 obstitit.
1073 2960 1167 3023 Unde

143 3059 240 3142 igitur
259 3076 381 3120 sumam
399 3054 475 3119 mihi
493 3066 613 3118 tantum
633 3054 774 3137 spiritns,
803 3069 856 3121 aut
874 3044 984 3133 vocis,
1015 3074 1167 3143 quantum

142 3160 176 3221 in
195 3171 226 3220 te
244 3156 431 3242 prodigioso
446 3157 648 3219 malefactore
667 3158 848 3221 execrando
864 3179 1052 3235 consumere
1066 3161 1166 3224 libet?

143 3265 215 3343 Qua
239 3260 273 3323 in
298 3281 335 3323 re
361 3259 549 3321 metuendus
569 3256 667 3318 eredo
688 3278 744 3333 es,
779 3268 816 3321 ut
842 3259 899 3342 qui
921 3262 986 3322 haec
1007 3262 1107 3338 dicat,
1136 3263 1166 3328 ei

141 3374 176 3425 tu
190 3363 248 3424 isla
261 3357 460 3422 turbulentiae
476 3367 535 3417 tuac
549 3377 652 3432 arma,
672 3357 833 3441 istumque
846 3360 991 3423 furorem
1002 3363 1167 3426 miniteris.

141 3465 185 3526 At
203 3459 278 3522 mihi
297 3480 338 3519 ne
365 3456 522 3536 propitius
543 3478 683 3540 unquam
702 3461 765 3535 sis,
796 3458 831 3521 id
857 3457 1000 3540 inprimis
1029 3463 1166 3540 laboro,

142 3560 337 3642 efficiamque
370 3554 510 3619 omniuo.
549 3558 660 3621 illinus
689 3557 773 3622 enim
792 3558 869 3622 nihil
892 3562 987 3635 volo,
1015 3582 1114 3644 quam
1132 3574 1168 3626 ut

142 3674 176 3722 tu
190 3679 240 3721 me
255 3680 356 3735 ames,
382 3658 463 3734 imo,
489 3671 526 3723 ut
551 3682 617 3722 non
646 3671 791 3722 extremo
821 3659 898 3724 odio
924 3660 1049 3725 habeas.
1087 3665 1168 3727 Nam

142 3783 182 3824 en
210 3759 281 3843 quis
308 3761 420 3824 melior
449 3761 533 3842 apud
559 3760 664 3823 bonos
688 3758 777 3821 viros
806 3774 972 3838 censetur,
1012 3783 1079 3844 quo
1110 3763 1167 3826 libi

142 3861 288 3924 infestior
307 3871 364 3924 cst.
402 3861 505 3925 Audis
521 3881 600 3942 ergo
617 3858 716 3923 illud?
743 3860 792 3921 Ne
804 3883 855 3922 me
872 3866 958 3925 uma!
978 3861 1041 3926 Odi
1061 3874 1167 3926 aulem

142 3961 351 4037 incessanter,
371 3972 546 4042 perpetuo,
559 3961 662 4023 livore
674 3960 767 4022 etium
784 3959 1029 4046 inextinguibili.
1050 3965 1167 4047 Neque

142 4075 209 4126 tum
229 4063 335 4126 odisse
354 4061 482 4135 desine,
502 4080 575 4122 cum
588 4058 628 4121 ad
642 4080 679 4122 ea
695 4060 869 4124 animarum
881 4065 951 4124 loca
965 4063 1166 4142 perveneris.

144 4185 215 4248 quae
233 4163 360 4235 nescio,
381 4180 525 4234 messe,
547 4160 669 4221 credas.
709 4161 803 4222 'func
823 4161 952 4243 quidem
975 4172 1060 4224 retro
1080 4173 1168 4223 acto-

140 4284 212 4325 rum
231 4260 424 4324 oblivionem
442 4281 484 4322 ne
504 4258 632 4334 induas,
653 4280 774 4322 summe
794 4271 891 4342 opto,
912 4282 978 4345 quo
997 4280 1070 4325 eum
1088 4263 1167 4325 velis

141 4362 270 4425 abolere
296 4371 487 4440 conceptum
512 4359 547 4422 in
577 4380 627 4423 me
657 4359 788 4436 odium,
827 4383 893 4424 non
921 4361 1035 4443 possis.
1093 4366 1167 4447 Ego

143 4481 269 4525 omnem
282 4458 340 4523 tibi
353 4459 581 4536 infelicitatem,
607 4462 711 4523 omnin
725 4462 926 4528 acerbissima
938 4464 1037 4536 mala,
1058 4485 1167 4527 onmes

854 4606 862 4635 f
