2624 5108
153 894 220 968 tob
389 892 432 966 In
456 888 641 966 Uiricbum
664 892 915 997 Wbtenberg.

149 1082 331 1170 proditione
350 1083 499 1159 ¹crimen,
519 1104 523 1111 ·
544 1086 685 1168 euinque
712 1085 857 1150 omnibus
887 1086 996 1151 haberi
1020 1089 1162 1162 beatem,

150 1182 207 1269 qui
226 1184 295 1247 suis
311 1204 380 1247 esse
398 1183 554 1265 potuerit,
582 1203 643 1247 nee
660 1184 715 1247 utti
739 1196 939 1249 servaturum
957 1187 1071 1271 fidem,
1106 1187 1163 1270 qui

146 1280 282 1347 arnicum
301 1282 496 1365 prodiderit,
526 1282 590 1367 qui'
602 1283 653 1360 ei,
678 1305 696 1346 a
715 1306 782 1369 que
801 1285 855 1366 pie
874 1298 1010 1362 amaus,
1030 1288 1164 1350 fideliter

148 1386 324 1448 custoditus
345 1395 494 1465 est,·per
512 1383 741 1448 simulationem
767 1386 862 1449 officii
887 1387 1033 1450 saetosus
1051 1385 1165 1450 feeerit

145 1477 275 1549 insidias
294 1486 335 1561 ³)ss
373 1486 488 1567 Neque
513 1484 544 1547 is
567 1485 606 1547 ab
631 1486 696 1547 ulid
718 1505 784 1549 nen
808 1485 989 1563 timebitur,
1023 1485 1165 1572 quernis

147 1584 213 1667 qui*
235 1581 346 1645 timere
370 1603 454 1646 -non
483 1585 593 1648 debuit
624 1588 718 1649 talem
746 1598 898 1667 expertus
924 1598 983 1652 est.
1020 1584 1107 1669 Quid
1124 1587 1166 1651 de

142 1682 276 1765 reliquis
304 1693 409 1748 autem
427 1684 550 1762 dimin,
578 1684 736 1765 rie-tobis
755 1685 855 1763 notis,
886 1688 932 1750 sic
955 1710 975 1750 a
991 1702 1042 1751 ute
1060 1706 1163 1766 expo-

144 1782 241 1847 sitis?
275 1776 382 1851 Porro
411 1785 513 1865 priori
538 1784 664 1853 actione
688 1786 762 1849 satis
788 1788 978 1851 intellectum
1002 1784 1163 1853 arbitror,

141 1876 331 1967 quem'ego
358 1884 518 1949 canlinem
543 1886 619 1950 buis
641 1907 741 1950 oausaa
761 1901 896 1969 ponam.-
926 1890 1049 1967 Nempe
1067 1884 1103 1949 in
1122 1906 1163 1947 eo

141 1984 241 2045 omne
258 1984 422 2048 vertebam
440 1986 623 2069 negotium,
651 2000 688 2050 ut
714 1972 774 2071 'qui
791 1986 942 2069 juvenem
972 1983 1165 2049 innoeentis·

139 2082 273 2161 jtimdm,
301 2106 393 2147 suum
413 2087 578 2161 comitem,
614 2087 772 2171 flagitiose
800 2086 1013 2169 prodidisset,
1042 2084 1164 2148 nefarie

143 2183 332 2259 occidisset,
353 2184 575 2249 isneeessarie
595 2188 777 2263 damnatus,
798 2185 870 2267 jure
882 2187 1059 2268 punirem.
1098 2181 1162 2245 Cui

143 2300 244 2344 eausa
272 2296 388 2348 nostras
413 2284 568 2369 aequitati,
601 2288 753 2369 quoniam
778 2290 842 2353 baec
868 2287 1020 2367 tantisper
1044 2281 1165 2346 obstitit

143 2399 250 2460 mora,
269 2387 332 2447 boc
344 2386 522 2467 impraesens
535 2388 729 2462 conandum,
748 2387 885 2467 primum
892 2408 999 2470 nequa
1012 2404 1072 2447 vos
1090 2383 1167 2445 salsa

137 2485 313 2547 -clernenti'ae
326 2485 477 2567 opinione
496 2485 586 2548 indui
599 2487 714 2562 sinam,
733 2487 868 2561 deinde,
887 2500 1030 2573 utquam
1047 2494 1165 2546 matur-

142 2573 221 2649 rime
233 2575 398 2649 damnetur
417 2583 494 2661 iste,
516 2583 659 2669 quisine
679 2587 838 2650 communi
858 2588 1001 2649 omniurn
1019 2583 1165 2663 periculo

142 2690 313 2766 superesse·
331 2687 449 2749 diutius
468 2706 535 2748 non
560 2696 674 2768 potest.
720 2687 815 2768 Quod
833 2686 911 2747 dum
928 2682 1056 2766 publico
1076 2700 1166 2741 eom-

142 2786 241 2848 rnodo
269 2786 402 2859 molior,
430 2786 520 2867 quod
546 2797 660 2849 nostras
685 2784 847 2850 calamitati
876 2784 1029 2857 debetur,
1058 2791 1167 2842 vestra

131 2886 260 2949 ¹uirtute
281 2885 412 2967 dignum
433 2897 480 2946 est
489 2887 629 2959 ,efficite
639 2907 656 2963 ,·
668 2908 709 2950 ne
727 2886 843 2947 frustra
856 2885 944 2947 nisus
957 2901 1027 2969 esse
1038 2880 1167 2941 uidear.

140 2983 229 3066 Quid
247 2982 339 3045 'enim
365 2984 426 3046 hoe
455 2984 565 3067 aliquis
603 2988 750 3067 accipiat,
780 2982 968 3051 facillimum·
981 2998 1109 3059 semper
1128 2975 1171 3036 ad

138 3081 388 3147 inisericordiam
449 3076 579 3149 aditum*
617 3087 716 3150 inisse
757 3083 943 3149 afflictorum
988 3076 1172 3164 principum

131 3183 299 3246 *romanet
336 3187 387 3247 Ex
417 3183 465 3248 sui
490 3183 577 3248 istud
599 3193 710 3250 natura
746 3184 957 3249 aestimandum
985 3190 1045 3242 est.
1087 3176 1175 3236 Suos

130 3300 277 3364 'namque
295 3280 408 3347 limites
442 3286 553 3361 babet,
582 3289 711 3370 suisque
737 3280 876 3349 tenninis
896 3277 1181 3354 circumscriptum

126 3394 197 3448 est.
236 3385 280 3446 Et
296 3396 371 3447 tune
388 3388 493 3446 locum
510 3388 605 3449 habet
620 3387 797 3461 miseratio,
819 3388 947 3468 quando
961 3405 1009 3446 ex
1027 3372 1183 3447 forium,

126 3492 207 3547 ‘non
238 3501 281 3545 ex
309 3483 462 3547 maleficio
495 3497 545 3549 est
572 3488 737 3551 calamitas.
783 3485 860 3548 *Ubi
895 3498 1048 3567 magnam
1082 3473 1190 3536 nobis

131 3577 327 3648 felicitatem·
341 3584 504 3660 adscribo,
522 3591 624 3671 'quod
643 3599 676 3650 et
693 3588 754 3648 boc
776 3584 836 3649 iste
855 3589 956 3650 scelus
982 3576 1197 3645 confitetur,

123 3692 171 3746 ·et
196 3678 256 3745 hos
285 3685 435 3749 babemus
467 3696 583 3762 testes,
622 3691 657 3752 in
683 3707 766 3771 quos
794 3706 908 3751 recens
932 3687 1009 3770 jain
1039 3687 1122 3764 tum
1145 3669 1202 3779 *fi

133 3777 282 3863 facinus,
319 3785 435 3868 apertis
466 3785 606 3864 indiciis,
642 3786 881 3870 manifestisque
911 3779 1032 3870 signis
1073 3768 1211 3834 incidat·

130 3885 214 3949 Nam
253 3886 279 3950 si
298 3891 360 3954 hoe
373 3890 469 3955 ·D'eus
496 3887 642 3970 Optimus
669 3886 830 3950 Maximus
858 3885 1061 3948 voluisset,
1096 3863 1219 3977 ”idel

129 3984 202 4066 ipse
222 4002 371 4076 negaret,
413 3989 465 4051 vel
484 3985 516 4049 hi
535 4006 601 4050 non
622 3999 834 4068 spectassent,
856 3997 927 4068 quis
946 3963 1222 4048 accussfflbus

129 4083 226 4151 nobis
263 4091 446 4164 crederet?²
463 4120 469 4130 ·
487 4086 567 4168 Quis
601 4102 717 4154 rmum
751 4086 992 4153 mmamtatem
1038 4070 1081 4132 in
1116 4067 1227 4127 uuum

130 4186 309 4278 bominem,
333 4201 367 4265 in
385 4185 583 4284 principem,
609 4191 645 4254 in
664 4192 876 4259 Germanum,
896 4184 930 4246 in
948 4167 1225 4242 Christianum

132 4330 326 4367 x

118 4438 125 4450 ·
162 4415 193 4479 ⁴)
205 4436 305 4492 secero
323 4424 585 4495 rmsarasfbtddttt
599 4430 706 4481 sterent„
733 4416 791 4493 ⁵“)
811 4416 939 4474 W³⁵⁰¹¹⁸¹¹
955 4413 1028 4466 ³²⁰¹
1052 4426 1097 4439 ‘''
1122 4400 1227 4451 ‘'⁶⁵⁰¹'‘

160 4515 215 4562 '¹⁰⁸
231 4524 376 4587 teneretur.
