2624 5108
158 844 226 919 lli
393 840 435 913 In
461 837 646 913 Ulrichum
670 839 921 979 Wiftenberg.

138 1040 318 1117 *Europam
340 1045 424 1096 terra
444 1053 511 1097 non
534 1031 628 1095 babet
650 1032 754 1115 aliqua
779 1035 927 1123 praeclara
951 1034 1041 1099 istius
1064 1040 1171 1102 moni·

155 1150 269 1203 menta.
318 1134 421 1198 Urbes
442 1131 592 1209 munivit,
622 1152 712 1195 arces
736 1134 862 1215 posuit,
901 1136 1018 1199 struxit
1036 1149 1170 1219 pontcs3

153 1239 268 1320 templa
291 1246 396 1298 autem
422 1244 454 1296 et
476 1253 612 1301 numero
634 1224 726 1314 plura
751 1244 784 1297 et
808 1233 915 1317 operis
940 1240 1187 1321 magnificentia·

153 1339 310 1405 nobiliora
328 1356 427 1410 arnus,
450 1355 545 1416 quam
559 1334 764 1417 imperatores
781 1346 853 1399 ante
872 1358 907 1399 se
922 1354 1033 1401 omnes
1054 1339 1172 1403 exudi-

153 1441 268 1505 ficavit.
319 1440 484 1518 Nusquam
509 1434 562 1497 illc
590 1434 658 1497 sine
682 1434 869 1525 liberalitate
896 1458 934 1499 ac
957 1438 1173 1503 munificentia

154 1540 292 1605 divertit.
311 1535 412 1600 Auxit
423 1546 455 1597 et
468 1536 501 1613 ²⁸)
512 1522 862 1623 locupletniif'adouos
873 1539 1003 1621 appulit.
1021 1541 1172 1625 Denique

155 1641 222 1705 aliis
251 1638 304 1701 alii
341 1637 476 1717 acceptis
510 1632 672 1701 beneficiis
710 1636 852 1700 obstricti
886 1639 1037 1729 suerum,
1077 1642 1173 1725 hujus

154 1738 342 1823 benignitati
357 1740 528 1803 humanam
545 1760 647 1822 genus
664 1760 699 1802 se
724 1738 887 1822 obligarit.
924 1740 1055 1813 Interim
1073 1750 1172 1825 totam

155 1840 355 1907 Germaniam
388 1840 530 1921 pacavit,
574 1834 768 1903 Britanniam
808 1836 958 1919 subjecit,
999 1838 1171 1911 Pannonas

153 1941 351 2023 composuit,
371 1940 537 2021 Hispanias
557 1939 718 2015 hostibus,
745 1938 863 2003 ltaliam
883 1939 1174 2019 Tyrannislibcra-

154 2042 211 2104 vit.
261 2041 374 2126 Fregit
413 2041 473 2104 iste
520 2039 740 2103 validissimam
778 2051 855 2102 tunc
884 2040 1175 2123 Langobardorum

152 2153 296 2226 gentem,
329 2142 452 2206 domuit
474 2143 665 2216 serenam
711 2142 835 2203 'l'urcas
856 2152 944 2204 metu
968 2142 1157 2218 compressit
1164 2166 1174 2216 ;

150 2240 259 2306 Asiam
277 2242 490 2325 compescuit,
533 2243 714 2325 Aegyptum
739 2262 776 2304 ac
806 2241 948 2305 Africam
972 2240 1173 2305 ferocissimo

66 2406 75 2423 ‚
152 2339 323 2405 Christiani
337 2342 473 2407 nominis
487 2344 586 2418 hosti,
606 2342 676 2425 ipso
692 2362 790 2418 caeso,
810 2362 848 2405 ac
862 2342 1031 2426 profligato
1045 2342 1172 2405 ademit.

150 2442 448 2524 Hierosolymorum
478 2444 590 2507 urbem
621 2442 767 2505 restituit.
829 2443 867 2503 ln
893 2464 1028 2526 quarum
1065 2464 1175 2507 rerum

151 2544 335 2608 memoriam
357 2544 490 2627 plurima
507 2544 607 2607 tribus
628 2544 713 2606 orbis
734 2542 877 2625 partibus
901 2546 1039 2623 trophaea
1056 2543 1173 2604 crexit.

151 2645 194 2707 Et
220 2645 283 2707 haec
311 2644 441 2728 quidem
474 2646 557 2708 illius
592 2647 706 2720 ductu,
746 2645 1008 2725 Francorumqne
1036 2644 1173 2705 maxime

71 2732 74 2737 Α
152 2766 251 2825 opere
272 2746 384 2808 effecta
410 2759 500 2822 sunt,
534 2747 631 2820 adeo,
662 2757 698 2808 ut
723 2746 756 2808 in
775 2746 859 2807 hunc
875 2764 981 2826 usque
1005 2743 1090 2806 diem
1114 2765 1174 2826 per

151 2842 336 2909 universum
364 2846 483 2919 Sullani
506 2864 641 2927 regnum
666 2867 732 2908 uno
758 2864 868 2908 omnes
895 2844 1046 2907 Germani
1069 2856 1102 2905 et
1122 2845 1173 2923 ⁹)

152 2944 234 3008 Galli
256 2942 385 3006 nomine
405 2944 520 3006 Franci
544 2956 710 3009 vocentur.
755 2946 862 3009 Porro
887 2946 978 3028 quod
1004 2944 1099 3007 Gallis
1122 2944 1174 3007 ille

151 3042 322 3105 metuendo
343 3043 419 3105 olim
436 3044 603 3120 Romanis,
633 3065 706 3108 cum
728 3045 763 3108 in
781 3048 863 3109 flore
879 3056 1003 3121 esseut,
1031 3046 1172 3127 populo,

151 3163 267 3206 nomen
287 3147 380 3207 asad
400 3146 605 3228 generatione
620 3145 792 3229 imposuit,
819 3156 857 3209 ut
873 3166 933 3227 pro
953 3145 1054 3210 Gallia
1070 3145 1173 3209 nomi·

150 3255 244 3309 netur
279 3242 412 3308 Francia
448 3245 666 3321 occidentalis,
704 3256 810 3308 vestra
840 3246 970 3328 quidem
997 3247 1173 3310 communis

150 3343 268 3427 gloria,
288 3354 433 3407 nostrum
451 3364 529 3406 vero
544 3345 704 3424 peculiare
722 3344 867 3408 meritum
888 3356 945 3407 est.
984 3346 1027 3407 Ut
1045 3346 1086 3407 de
1105 3344 1175 3407 istis

150 3443 275 3506 interim
295 3443 493 3507 Francorum
509 3444 644 3507 ducibus
660 3457 798 3521 taceam,
819 3464 957 3528 quornm
973 3443 1031 3504 etsi
1051 3443 1175 3527 optime·

151 3553 219 3604 acta
246 3552 320 3604 sunt
344 3542 502 3624 plurima,
526 3544 608 3609 lama
637 3557 741 3609 tamcu
770 3546 884 3608 minor.
941 3544 983 3606 Et
1008 3563 1071 3626 ego
1101 3566 1172 3607 uno

150 3654 397 3705 commemorato
419 3642 557 3721 Carolo,
590 3646 663 3709 satis
687 3646 780 3707 vobis
803 3644 1000 3708 Francorum
1021 3643 1172 3707 virtutem

152 3741 380 3807 commendavi.
416 3742 469 3806 Pii
483 3757 587 3809 tamen
601 3757 825 3829 agnomentum
837 3745 930 3825 primi
947 3765 990 3806 ex
1006 3745 1172 3809 Germanis

152 3840 268 3904 Franci
285 3842 325 3904 ad
339 3862 374 3903 se
394 3852 572 3922 traxerunt,
598 3845 644 3908 sic
663 3846 816 3927 appellato
834 3845 1008 3907 Ludovico
1027 3844 1171 3920 Franco,

152 3941 371 4006 Romanorum
391 3943 593 4026 imperatore.
640 3944 798 4007 Dedimus
820 3954 851 4005 et
874 3945 1074 4025 Arnulpbum
1093 3954 1173 4007 stre·

152 4062 252 4105 nuum
273 4042 405 4120 ducem,
447 4056 481 4106 et
509 4043 543 4105 in
578 4042 719 4106 Henrico
754 4044 856 4125 primo
886 4047 999 4109 coelum
1038 4064 1171 4127 quoquc

108 4149 115 4160 ’
154 4142 310 4204 auximus.
365 4142 496 4223 Resque
523 4141 581 4203 sub
608 4140 784 4221 Conrado,
825 4157 858 4206 et
892 4145 993 4207 tribus
1022 4140 1173 4225 deinceps

155 4240 301 4303 Henricis
323 4241 540 4305 memorabiles
557 4240 720 4324 gessimus.
759 4245 800 4306 Et
823 4253 859 4305 ut
874 4242 1021 4326 proxima
1039 4261 1173 4327 quoque

154 4384 348 4401 *-

191 4476 219 4529 ·)
236 4482 277 4534 et,
295 4488 329 4521 aa.
367 4466 414 4530 ⁴⁴)
428 4486 467 4539 er,
487 4490 514 4531 ac
