2624 5108
501 858 632 934 Oratio
658 857 810 949 Quarta.
1098 865 1164 939 173

143 1060 248 1120 hostes
266 1053 375 1138 patriae
393 1052 516 1121 laceres
538 1050 759 1115 timidissime?
798 1048 884 1114 Nihil
901 1062 951 1114 est
968 1063 1021 1115 tua
1040 1053 1167 1135 ignavia

142 1156 314 1239 abjectius;
349 1155 427 1217 nihil
460 1165 515 1215 tua
536 1150 800 1223 formidolositate
826 1153 926 1235 magis
957 1152 1098 1229 irulrelle;
1135 1168 1167 1218 at

141 1270 253 1321 eontra
292 1255 369 1318 nihil
407 1267 461 1316 tua
501 1250 636 1333 perlldis
669 1252 835 1330 audacius,
877 1252 953 1316 nihil
984 1258 1167 1334 proditione

141 1357 298 1421 callidius.
334 1356 410 1418 Hac
429 1355 506 1417 vitia
524 1374 596 1417 esse
614 1352 651 1415 in
667 1365 699 1417 te
719 1352 840 1429 omnia,
860 1376 966 1437 neque
986 1356 1053 1437 ipse
1074 1356 1166 1438 igno⁴

143 1478 215 1532 ras,
246 1476 353 1539 neque
382 1477 446 1539 qua
476 1477 511 1518 es
537 1456 743 1535 perversitate
772 1455 883 1519 abesse
913 1455 969 1519 abs
999 1468 1030 1516 te
1057 1460 1165 1528 velles.

146 1558 253 1621 Tonas
268 1579 304 1620 es
317 1556 402 1619 enim
412 1566 522 1619 eontra
534 1575 661 1617 omnem
670 1554 868 1631 civilitatem,
889 1576 1015 1647 omnem
1025 1558 1167 1620 humani·

144 1669 258 1733 tatem,
290 1656 391 1739 ipsam
414 1655 552 1739 denique
574 1666 727 1718 naturam.
778 1657 865 1738 Quid
888 1657 1025 1718 obstabit
1045 1657 1167 1735 igitur,

144 1779 211 1843 quo
232 1757 338 1823 mistus
359 1755 501 1839 quisquis
515 1757 549 1819 in
562 1767 630 1817 tuas
649 1767 787 1833 statuas,
808 1758 935 1831 titulos,
957 1778 994 1817 ae
1015 1758 1168 1843 imagines

143 1860 309 1935 hiciderit,
332 1856 438 1921 omnia
455 1859 623 1932 deturbet,
650 1867 682 1918 et
702 1860 731 1933 ⁸)
752 1856 964 1920 comminuat?
994 1859 1058 1922 imo
1077 1872 1169 1924 tuum

146 1982 280 2045 quoque
298 1978 432 2033 nomen,
457 1958 571 2021 ubiubi
590 1958 741 2038 scriptum
761 1957 936 2034 invenerit,
966 1961 1079 2022 evadat
1100 1964 1167 2039 **),

145 2073 246 2143 teque
276 2059 500 2140 sempiternum
528 2059 654 2142 generis
680 2059 728 2121 tui
747 2059 906 2135 dedecus,
941 2074 1170 2143 praeposterum

146 2161 339 2244 priricipem,
361 2159 528 2242 indignum
546 2159 656 2234 titulo,
682 2159 798 2243 signis,
820 2181 856 2222 ac
875 2161 1003 2224 nomine
1023 2163 1170 2240 judicet?

147 2264 296 2346 Aliquam
330 2280 416 2323 enim
451 2271 569 2321 tantam
596 2259 824 2340 tiupitudinem
854 2282 923 2325 esse
953 2283 1019 2322 non
1049 2264 1168 2337 credo,

148 2383 246 2446 quam
264 2372 300 2423 tu
315 2382 383 2423 non
401 2362 455 2422 vel
472 2360 650 2435 admiseris,
669 2362 720 2422 vel
739 2361 765 2423 si
786 2380 844 2440 per
858 2361 1015 2444 ignaviam
1033 2362 1168 2435 audeas,

150 2460 315 2527 admittere
330 2461 422 2525 uelis.
462 2463 531 2536 Tu,
562 2482 635 2523 cum
655 2463 869 2542 turpissimum
888 2461 928 2523 sit
952 2450 1025 2522 cum
1044 2482 1084 2522 eo
1104 2461 1171 2522 bel·

152 2565 218 2625 lum
231 2582 361 2645 gerere,
382 2562 438 2643 qui
450 2580 521 2623 cum
534 2561 726 2624 familiariter
735 2562 877 2635 vixeris,
898 2580 973 2622 eum
984 2561 1172 2624 interfecisti

152 2663 264 2737 uum,
296 2683 392 2744 quem
410 2661 596 2725 amicissima
613 2661 841 2724 consuetudine
861 2659 1005 2742 junctum
1023 2663 1171 2724 habebas.

149 2764 226 2827 troc
243 2781 351 2845 neque
372 2764 485 2825 'furcae
503 2762 661 2837 facerent,
681 2782 787 2845 neque
807 2773 860 2827 ists
886 2773 919 2827 in
943 2775 1031 2828 omrai
1047 2775 1171 2829 saeriria

147 2872 307 2945 primordi
323 2872 484 2940 artifices,
502 2872 612 2928 Russr'.
656 2862 787 2944 Semper
806 2864 890 2926 enim
909 2865 942 2927 in
960 2868 1067 2930 hostes
1084 2867 1172 2929 lero·

149 2966 216 3029 cire
234 2964 311 3027 satis
327 2964 523 3039 habuerunt3
541 2976 578 3026 tu
593 2984 666 3026 eum
684 2965 904 3040 excarnificas,
927 2987 1024 3048 quem
1040 2969 1173 3029 alterum

149 3077 184 3129 te
214 3066 373 3147 appellare
399 3064 510 3126 solitus
535 3084 580 3126 es.
619 3066 808 3147 Quanquam
832 3065 909 3127 nibil
934 3088 1060 3143 moror,
1093 3069 1174 3129 hanc

149 3177 184 3228 te
210 3164 377 3227 amicitiam
402 3165 565 3228 simulasse
583 3175 631 3225 tot
650 3184 760 3227 annos.
798 3165 942 3242 Quodsi,
970 3168 1174 3247 quemadmo-

151 3268 232 3329 dum
242 3265 285 3327 de
294 3285 330 3327 se
348 3266 478 3349 quidam
493 3263 633 3338 dicebat,
667 3265 852 3340 amicitiam,
882 3286 919 3327 ac
937 3264 1127 3327 inimicitiam
1141 3265 1175 3327 in

149 3367 264 3431 honre
282 3386 428 3449 gereres,
457 3365 541 3441 baud
561 3363 705 3443 proditus
726 3376 809 3428 esset
829 3365 880 3429 ille
900 3378 1021 3429 noster.
1067 3366 1175 3429 Facile

151 3467 186 3531 in
205 3486 351 3529 errorem
369 3465 496 3529 abducit
513 3463 664 3546 simplicia
690 3465 837 3545 ingenia,
870 3467 925 3550 qui
944 3468 1109 3542 simulare,
1139 3488 1176 3530 ac

152 3568 351 3631 dissiruulare
371 3566 491 3647 peritus
512 3576 569 3627 est.
610 3565 660 3628 Te
679 3565 760 3628 illius
780 3565 852 3626 ritae
872 3567 1049 3644 sinceritas,
1070 3567 1177 3652 siquid

154 3667 300 3729 ollenstu
325 3666 366 3729 ab
393 3685 433 3728 eo
459 3663 594 3740 luisses,
634 3665 674 3725 ad
704 3664 830 3726 veniam
865 3667 1020 3731 reducere
1049 3669 1176 3742 debuit,

155 3776 189 3834 et
217 3765 359 3850 gratian,
404 3766 448 3828 At
481 3784 588 3847 neque
615 3764 735 3838 verbo,
765 3782 872 3845 neque
902 3766 987 3828 laeto
1023 3768 1100 3830 viris
1130 3767 1178 3830 in·

154 3867 256 3951 digno
287 3876 481 3940 commotus,
522 3862 729 3943 probitatem,
766 3863 996 3941 binocentiam,
1032 3888 1068 3929 ac
1097 3868 1179 3944 opti.

153 3988 240 4033 nam
271 3967 311 4029 ab
341 3965 428 4029 omni
459 3964 611 4027 virtutum
651 3983 770 4047 genere
811 3961 949 4024 indolem
988 3966 1179 4043 puniendam

154 4064 288 4133 duxisti.
341 4066 408 4130 Pro
442 4063 601 4146 exquisita
625 4062 723 4145 igitur
758 4064 876 4126 virtute
915 4084 1039 4142 poenam
1073 4063 1180 4126 reddi·

155 4169 240 4235 disti.
299 4168 366 4230 Pro
400 4165 551 4247 singulari
576 4185 655 4248 erga
681 4176 713 4227 te
749 4163 957 4247 obsequentia
994 4162 1181 4226 virulentam

157 4271 238 4335 hanc
266 4265 418 4330 invidiam
448 4265 624 4328 obvertisti.
682 4267 785 4345 Quam
814 4287 880 4327 non
911 4276 1013 4326 trititm
1045 4273 1092 4326 est
1118 4265 1180 4325 hoc

158 4370 258 4454 igitur
285 4367 396 4451 sequi,
428 4367 518 4449 quod
543 4363 648 4447 ajunt,
680 4366 886 4450 „obsequium
905 4366 1021 4430 amicos
1041 4369 1180 4446 parere.“

192 4519 225 4584 ¹⁸)
241 4535 288 4580 er,
307 4537 342 4572 ac.
377 4516 422 4584 ”)
439 4528 544 4581 crudas,
564 4526 649 4570 tradat.
