2624 5108
156 851 228 929 dli
417 850 460 923 In
484 847 641 922 libellum
665 848 774 921 Laus.
798 847 911 922 Vallae

155 1046 267 1114 doctos
296 1053 330 1105 et
356 1041 418 1105 tuit
446 1040 515 1123 ipse
540 1042 682 1104 doctrine
710 1041 794 1103 inter
820 1040 940 1122 primos
972 1062 1036 1104 auc
1069 1042 1186 1106 astabr

155 1144 456 1208 commemorandus.
515 1142 651 1205 Felicem
688 1144 767 1204 lrarrc
797 1142 895 1225 igitur
933 1141 1063 1204 domum
1099 1163 1172 1227 qun

154 1243 300 1328 juvandis
327 1244 465 1306 instituta
491 1254 539 1306 est
563 1239 679 1304 literis!
713 1240 776 1303 Cui
802 1241 890 1304 alteri
910 1240 995 1303 enim
1012 1241 1171 1306 debentur

155 1346 257 1408 seculi
282 1343 376 1425 hujus
408 1341 527 1406 dotes?
559 1341 651 1422 cnjus
678 1341 805 1403 alterius
828 1339 986 1403 beneficio
1012 1353 1170 1405 revocate

10 1488 14 1497 -
91 1436 95 1443 ⁸
155 1446 195 1509 ab
212 1443 340 1508 interitu
361 1463 467 1524 grece
487 1441 603 1522 pariter
623 1463 658 1502 ac
678 1442 777 1504 latinas
800 1441 1012 1505 suntliterre?
1047 1442 1090 1504 Ut
1107 1434 1170 1506 soli

155 1544 216 1610 sint
240 1540 381 1606 initalia
402 1540 592 1616 Florentini,
621 1561 702 1625 qnos
721 1553 808 1603 tanto
829 1553 960 1622 accepto
978 1543 1167 1618 commodo,

154 1657 359 1726 rymnnomm
389 1640 542 1721 poenitere
568 1663 634 1704 non
664 1641 788 1705 debeat.
841 1641 967 1705 Scilicet
991 1663 1083 1706 carus
1107 1643 1170 1707 init

155 1743 327 1825 majoribus
357 1745 418 1806 tuis
451 1753 567 1822 Valla,
606 1762 677 1806 cum
707 1743 849 1818 viveret,
887 1743 945 1805 tibi
973 1744 1017 1805 ob
1043 1743 1168 1808 illoram

154 1845 364 1911 reverentiam
389 1865 449 1908 nec
467 1845 611 1911 mortuus
630 1845 758 1928 quidem
776 1843 985 1927 negligendus
1007 1854 1068 1906 est.
1105 1843 1169 1909 Uli

155 1958 228 2011 sunt
254 1947 296 2009 illi
322 1942 428 2028 itaque
454 1945 656 2007 metuendum
676 1944 732 2028 qui
757 1944 925 2025 putabant,
957 1955 993 2008 nt
1010 1944 1114 2008 terres
1133 1954 1168 2008 ttt

156 2047 262 2125 operis
290 2045 385 2123 nujus
414 2043 686 2128 divulgationem?
723 2046 821 2127 Quasi
850 2061 929 2108 vero
960 2065 1103 2129 unquam
1129 2046 1169 2108 ab

155 2146 259 2208 animo
279 2157 335 2208 tuo
354 2161 480 2230 recepta
498 2144 538 2210 sit
555 2146 642 2208 fraus
656 2164 786 2221 eorum,
805 2145 862 2228 qui
880 2147 1029 2209 scelerate
1046 2144 1170 2209 mentri

154 2246 217 2310 sint
243 2247 283 2308 de
316 2249 541 2312 Constantino,
567 2256 710 2308 autnon
736 2247 764 2308 is
790 2246 830 2309 sit
857 2246 979 2308 libellus
1004 2245 1076 2322 hic,
1111 2246 1170 2330 qni

155 2348 215 2433 legi
248 2348 287 2409 ab
319 2346 464 2408 omnibus
500 2366 566 2407 non
597 2347 697 2426 possit
724 2358 859 2422 tantum,
903 2347 960 2409 sed
987 2345 1168 2410 onerario

154 2450 268 2513 ‹lobeat
289 2447 397 2522 ctiam,
432 2467 503 2509 cnm
522 2466 711 2528 permagnus
735 2446 775 2510 sit
794 2466 836 2508 ex
861 2467 901 2508 eo
920 2447 1059 2523 fructus,
1092 2448 1170 2511 dum

154 2550 268 2613 veritas
300 2547 508 2630 pernoscitur.
567 2542 614 2610 'Ar
648 2549 817 2610 maledicus
850 2559 914 2622 cst,
960 2548 1054 2609 bnmo
1088 2567 1169 2608 vero

153 2651 272 2714 idcirco
294 2649 415 2721 bonus,
448 2647 521 2730 qnia
546 2648 579 2709 in
605 2651 701 2710 malos
721 2649 852 2710 acerbus
872 2658 929 2708 est.
967 2650 1010 2710 At
1030 2647 1063 2709 in
1086 2667 1169 2728 pou·

153 2751 252 2812 tiflccs
273 2747 386 2826 impins
407 2760 472 2822 est,
503 2748 567 2809 imo
590 2747 626 2810 in
650 2761 799 2830 tyrannos
819 2744 900 2826 ejus.
944 2748 1024 2809 Nam
1043 2748 1070 2810 si
1090 2770 1170 2828 prae·

152 2852 213 2914 mia
239 2849 395 2911 debentur
422 2850 505 2928 apud
525 2850 652 2911 Grreciae
678 2850 819 2912 civitates
838 2848 1060 2928 tyrannicidis,
1087 2851 1168 2933 qnid

152 2953 190 3014 iis
211 2950 370 3023 dabimus,
403 2948 458 3031 qni
477 2949 672 3026 tyrannidem
691 2971 822 3033 qnoque
840 2949 939 3029 ipsam
957 2951 1170 3034 impugnant?

154 3060 207 3111 alit
234 3048 259 3110 si
289 3049 388 3128 pietas
415 3059 464 3110 est
488 3070 591 3111 amare
616 3051 760 3129 patriam,
780 3053 943 3134 quomodo
962 3051 1057 3132 impie
1084 3052 1170 3136 agit,

155 3150 210 3233 qui
229 3151 351 3212 hostem
370 3148 452 3211 illins
481 3149 573 3211 odit?
602 3150 654 3212 An
679 3171 745 3211 non
769 3149 899 3213 inerunt
919 3151 1170 3217 Christianorum

151 3253 259 3315 hostes
280 3248 321 3311 illi
341 3252 521 3329 pontifices,
543 3249 598 3332 qui
619 3250 815 3312 omninm‘ad
834 3272 868 3313 se
889 3272 967 3331 opes
988 3264 1169 3336 traxerunt,

155 3351 301 3413 omnibus
327 3349 432 3411 liberis
458 3348 640 3411 servitutem
672 3351 773 3412 moliti
807 3352 904 3414 sunt?
946 3354 1002 3436 qni
1031 3353 1168 3435 imperio

154 3470 264 3532 reges,
298 3447 430 3527 pecunia
455 3447 540 3509 cives
566 3449 799 3530 dispoliabunt?
842 3452 896 3534 qni
917 3453 1055 3534 palliatos
1076 3456 1168 3519 nobis

156 3550 194 3611 ab
233 3548 311 3610 urbe
357 3557 442 3608 tanto
480 3548 739 3627 patrimoniorum
779 3565 962 3617 nostrorum
1001 3555 1168 3635 dispendio

156 3649 323 3730 episcopos
342 3648 529 3710 mittebant?
563 3652 629 3712 Ant
653 3652 761 3714 sicarii
788 3652 917 3716 inerunt
943 3653 1079 3730 Christi,
1111 3654 1168 3740 qni

155 3752 236 3812 illins
266 3748 367 3812 vicem
394 3771 458 3811 non
488 3762 672 3834 gesserimt,
707 3774 773 3834 qno
801 3754 841 3815 de
868 3755 1106 3834 scriptumest:
1135 3757 1168 3818 in

154 3872 232 3935 paee
251 3851 351 3913 lactrrs
370 3862 416 3912 est
434 3853 522 3914 locus
543 3851 640 3932 ejus?
669 3853 730 3912 Vel
750 3852 776 3913 si
797 3854 919 3932 tyranni
944 3867 1038 3930 sunt,
1060 3857 1169 3939 quiin

154 3954 272 4017 liberos
291 3951 453 4032 imperinm
479 3953 537 4014 sibi
557 3955 738 4028 desrnnunt,
771 3956 841 4036 qnis
862 3957 923 4016 hoc
951 3955 1049 4037 magis
1069 3956 1166 4031 iacit,

156 4053 312 4136 quantis,
344 4053 399 4135 qni
419 4052 568 4115 libertatis
587 4065 858 4129 conservatorem,
898 4057 958 4117 boc
983 4068 1030 4118 est
1050 4059 1168 4119 lloma·

131 4143 269 4242 'irornm
302 4152 474 4234 principem
511 4152 544 4211 in
574 4154 755 4215 servitutem
791 4154 931 4215 adserit?
976 4159 1064 4238 Ergo
1104 4176 1171 4220 non

156 4252 312 4315 maledicit
328 4251 528 4331 pontificibus
551 4261 669 4331 Valla,
687 4256 743 4317 sed
763 4252 795 4316 in
815 4264 962 4333 tyrannos
982 4278 1058 4319 vera
1076 4256 1169 4331 dicit,

158 4353 201 4414 ob
227 4352 324 4434 idque
349 4351 404 4412 tibi
430 4353 521 4417 vatic
546 4353 669 4432 placere
695 4353 795 4435 pntari
822 4356 933 4430 debet,
964 4356 1020 4416 tibi
1038 4356 1171 4440 inquam

156 4452 219 4524 hoc
237 4472 373 4536 genere,
402 4449 449 4516 llis
466 4441 639 4546 majoribus
660 4454 764 4532 edito,
793 4456 851 4518 lrac
877 4456 1073 4532 eruditione,
1109 4460 1175 4521 boc
