2624 5108
527 874 790 951 consolatoria.
1120 888 1163 957 51

147 1072 272 1141 tormer
299 1071 447 1137 lereudor
477 1067 645 1133 eruciatus.
694 1068 767 1149 Age
792 1078 911 1142 autem,
949 1081 985 1133 ut
1006 1073 1164 1139 mittamus

145 1176 277 1259 antiqua
300 1173 372 1249 ina,
409 1171 502 1255 quale
528 1171 590 1232 hoe
603 1180 738 1250 tempus
761 1167 958 1233 fortitudinis
983 1181 1166 1258 exemplum

144 1276 204 1339 tibi
228 1269 365 1355 objicit?
404 1274 457 1337 En
480 1267 566 1333 illurn
589 1269 665 1331 ride
692 1280 965 1337 Maximtlr‘anum
989 1272 1165 1357 Caesarem,

146 1376 204 1461 qui
219 1375 253 1439 in
269 1384 351 1437 tanta
368 1373 511 1445 fortuna,
532 1366 787 1447 unieum'tilium,
808 1372 1007 1457 iniquissimo
1020 1386 1166 1458 tempore

146 1474 292 1540 amirrum
316 1473 480 1557 utromodo
504 1469 597 1534 tulit?
638 1470 737 1535 Certe
762 1481 927 1537 tantuna
950 1474 1078 1556 plebejo
1108 1477 1165 1540 illo

145 1580 233 1641 luctu
251 1572 369 1650 abluit,
387 1583 423 1635 ut
440 1578 473 1634 et
481 1572 510 1650 ⁴⁸)
526 1571 659 1645 bellum,
679 1572 769 1654 quod
788 1571 822 1634 in
842 1583 978 1640 Venetos
997 1586 1080 1650 erat,
1101 1574 1165 1658 jam

145 1686 219 1739 ante
241 1670 426 1747 meditatur,
455 1681 724 1754 prosequeretur,
755 1680 788 1735 et
813 1681 1005 1737 Geldrorum
1033 1690 1164 1743 conatus

141 1775 349 1860 reprimeret,
394 1792 431 1834 ae
461 1792 566 1834 novor
599 1772 633 1833 in
662 1780 842 1836 Pannoniis
867 1784 971 1837 motus
1006 1778 1165 1844 sedandos

141 1885 276 1940 ornaret.
313 1873 357 1936 Et
381 1882 449 1934 erat
473 1868 499 1935 is
523 1873 606 1936 filius
628 1892 695 1934 non
715 1874 818 1935 nolum
843 1873 930 1950 talio,
967 1881 1094 1959 qualem
1113 1880 1164 1941 hie

142 1988 234 2060 pater
260 1973 436 2038 sitiverat
461 1970 568 2048 narei,
597 1972 654 2037 sed
682 1981 714 2034 et
737 1971 846 2034 Asiam
869 1984 901 2036 et
926 1977 1090 2058 Europam
1114 1980 1164 2043 sui

141 2073 350 2140 admiratione
367 2072 512 2138 attonitas
530 2094 631 2155 prope
648 2070 778 2136 fecerat.
817 2055 855 2137 ld
872 2076 960 2157 quod
978 2099 1019 2141 eo
1035 2092 1164 2144 mortuo

143 2175 306 2259 cognitum
324 2186 383 2240 ert.
428 2175 567 2235 'lentum
586 2172 669 2236 enim
689 2174 728 2236 ab
753 2174 883 2237 interitu
902 2175 983 2242 illius
1005 2181 1072 2243 ausi
1091 2192 1166 2243 runt

144 2272 285 2349 finitimi,
317 2285 471 2360 quantum
498 2273 532 2335 iri
559 2274 624 2337 vita
652 2277 830 2339 timuerant.
883 2275 988 2339 Flevit
1013 2291 1168 2360 preterea

146 2377 435 2439 ittumomantn.
474 2374 645 2439 Luxerunt
666 2387 844 2456 Hispaniae.
885 2383 1181 2450 Burtoundiorzihus'

147 2494 290 2559 rperrua
301 2468 465 2537 intercidit.
491 2482 667 2538 Pannonia
680 2476 785 2537 Deum
797 2487 993 2539 accusarunt.
1020 2477 1167 2539 Habebat

145 2594 399 2660 namqueonmer
408 2594 601 2637 summorum
610 2571 789 2658 principum
798 2575 929 2638 virtutes
939 2588 1165 2655 eormnnmate,

145 2676 311 2759 justitiam,
335 2674 566 2750 liberalitatem,
594 2674 847 2756 temperantiam,
872 2674 1109 2752 tortitudinem,
1130 2697 1168 2739 ae

146 2758 245 2859 supra
262 2785 379 2837 etatem
396 2774 606 2856 punientiam.
644 2775 769 2838 Deinde
785 2786 884 2839 tantae
903 2773 966 2856 jam
980 2797 1031 2839 rea
1051 2798 1166 2859 gerere

146 2886 299 2959 cupient,
328 2887 363 2938 ut
382 2873 458 2937 nihil
477 2895 544 2938 non
560 2894 686 2956 operare
701 2874 743 2938 de
758 2875 812 2939 illo
831 2876 898 2940 ausi
917 2876 1016 2941 sintii
1034 2878 1163 2961 populi,

147 2976 267 3062 quibus
287 2974 421 3056 proluit.
458 2974 532 3037 Noli
554 2987 585 3039 te
601 2975 649 3038 hir
668 2976 838 3052 Romanis,
867 2978 984 3041 Graecis
1003 2999 1040 3041 ae
1057 2980 1164 3043 Persis

147 3075 264 3161 partim
280 3073 413 3137 leminis
432 3072 632 3149 inferiorem,
660 3075 803 3138 fortunae
821 3096 900 3138 vero
920 3088 1008 3154 tuas,
1029 3078 1077 3141 hir
1096 3079 1164 3143 Cre·

147 3174 281 3241 sarianir
300 3175 482 3257 rnperiorea
505 3186 627 3257 putare.
650 3192 654 3201 ·
678 3173 763 3236 Nihil
787 3187 820 3237 te
838 3174 1005 3258 indignum
1032 3196 1165 3239 censere

147 3276 270 3350 (leba,
299 3275 386 3359 quod
408 3273 460 3341 ille
479 3275 588 3337 mundi
607 3274 753 3353 dominus
772 3294 863 3358 equo
894 3275 998 3337 animo
1016 3274 1088 3335 fert.
1114 3276 1164 3349 *Ἴ

147 3374 250 3458 Quod
269 3373 297 3439 ri
316 3394 457 3459 unquam
479 3373 512 3436 in
533 3373 653 3437 ultione
674 3373 768 3455 hujus
786 3374 945 3458 parricidii
963 3373 1164 3458 cupiditatem

146 3474 300 3559 posuisti,
320 3473 438 3539 dubius
450 3474 629 3556 esseinepe
647 3486 754 3556 potes,
774 3476 892 3539 fractus
911 3473 1038 3538 minime
1055 3475 1165 3537 debes.

148 3575 269 3651 Vides,
297 3596 368 3659 quae
395 3576 434 3637 ad
453 3587 563 3638 votum
587 3584 660 3639 runt
675 3585 764 3636 tuum
780 3587 887 3655 parata
902 3575 1021 3650 omnia,
1050 3596 1163 3657 opem,

149 3673 317 3751 auxilium,
339 3694 498 3738 annorum
519 3686 552 3738 et
569 3675 639 3760 Ψ)
657 3673 863 3736 consiliorum
882 3676 1038 3738 fiduciam.
1079 3674 1166 3738 Con-

148 3776 273 3857 J'uraree
286 3774 455 3839 nobiseum
463 3787 580 3837 tantam
593 3773 735 3858 etpritum
746 3774 997 3852 multitudinem,
1018 3786 1166 3859 quantam

147 3877 183 3941 in
204 3877 272 3939 ullo
288 3896 434 3958 unquam
456 3896 564 3938 rerum
583 3885 672 3937 motu
691 3872 858 3937 Germania
874 3872 963 3936 vidit.
1004 3875 1069 3937 Tot
1089 3898 1167 3955 prar-

148 3987 241 4039 terea
261 3973 410 4051 torrites,
444 3974 559 4038 deinde
591 3974 709 4058 aliquot
735 3972 827 4035 etiam
849 3972 1007 4054 principes
1036 3970 1169 4054 polliciti

147 4077 241 4139 ultro
255 4071 346 4137 nobir
360 4084 450 4150 rrrnt,
476 4094 545 4158 quo
560 4073 692 4156 possint.
731 4073 794 4137 Sed
811 4094 870 4135 nos
888 4081 997 4152 optare
1013 4069 1166 4133 debemus

146 4171 301 4247 minime,
324 4183 361 4238 ut
384 4176 424 4239 ad
448 4196 532 4239 arma
546 4196 598 4237 res
613 4173 792 4255 perveniat,
827 4194 896 4257 quae
918 4182 1021 4233 tumen
1040 4170 1169 4253 provisa

149 4296 227 4340 esse
242 4272 320 4336 nihil
336 4273 480 4359 impedit,
501 4274 760 4359 qumrdoquidem
777 4272 816 4336 ad
834 4284 964 4337 externa
978 4270 1038 4336 iste
1052 4269 1169 4334 auxilia

186 4512 419 4568 ‘nusiellum
439 4514 465 4559 ut
482 4510 576 4561 bellum,
611 4501 658 4571 ⁸)
673 4512 736 4563 sert.
756 4508 817 4557 tulit.
852 4502 914 4573 Ψ)
936 4517 970 4559 et.
988 4520 1022 4556 ac.
