2624 5108
500 832 626 909 Oratio
651 832 778 907 Prima.
1100 842 1142 917 77

147 1029 276 1093 obnoxii
296 1047 449 1092 essenon
467 1028 615 1110 potestis,
636 1050 727 1113 quam
747 1026 774 1091 si
786 1028 844 1091 hos
859 1048 963 1093 mores
976 1029 1145 1113 impunitos

142 1131 258 1195 sinatis.
297 1128 483 1195 firmiorem
501 1129 572 1193 mali
596 1130 740 1193 fiduciam
757 1150 824 1190 uon
839 1126 1020 1203 ,lrahcbrmn
1053 1150 1147 1213 quam

141 1235 201 1296 hoc
221 1232 378 1311 exemplo.
418 1230 514 1311 Quod
528 1230 824 1313 quaruhorrendum
836 1228 891 1303 ait,
912 1246 1006 1313 quam
1016 1250 1146 1306 novum,

142 1351 239 1414 quarn
259 1328 441 1405 exitiosum,
474 1350 539 1393 non
566 1327 628 1409 jam
653 1329 857 1411 persuasione
876 1326 1013 1411 indiget,
1042 1351 1147 1411 neque

143 1432 237 1493 ultam
274 1450 465 1511 magnopere
496 1440 667 1491 accuratam
703 1428 872 1491 dictionem
909 1431 1053 1510 postulat.
1102 1430 1149 1491 lta

144 1528 229 1592 enim
251 1538 396 1591 testatum
419 1530 479 1589 hoc
502 1530 604 1593 scelus
624 1540 687 1602 est,
717 1539 752 1590 ut
772 1526 962 1612 argumentis
987 1550 1053 1591 non
1070 1527 1149 1591 indi·

145 1639 219 1712 gcat
238 1628 280 1691 ita
298 1628 464 1699 vehemens
482 1648 518 1691 ac
536 1626 785 1711 incomparabilis
807 1627 969 1703 atrocitas,
991 1638 1027 1691 ut
1044 1626 1150 1693 verbis

141 1727 260 1809 exponi
286 1746 352 1789 non
378 1726 486 1810 possit.
533 1728 642 1791 Minus
670 1728 752 1791 enim
782 1727 859 1791 nihil
885 1728 1090 1791 laborandum
1117 1727 1151 1789 in

139 1827 304 1909 prasentia
316 1839 382 1902 est,
403 1849 497 1911 quam
509 1839 544 1891 ut
562 1828 601 1889 ad
613 1827 747 1891 crinrinis
761 1828 994 1891 confessionem
1008 1827 1150 1891 oratione

140 1948 229 1989 reum
248 1928 445 1991 convincam.
485 1931 542 1991 Est
561 1928 594 1989 in
614 1928 751 1999 omnium
771 1928 914 2003 auribus,
941 1927 975 1989 in
994 1927 1151 1993 communi

141 2030 240 2104 suna,
260 2027 293 2091 ia
313 2027 401 2091 istius
421 2048 499 2102 ore,
526 2029 559 2091 in
579 2028 709 2103 vostris,
738 2028 850 2093 Saevi!
879 2026 988 2091 acinis.
1025 2031 1105 2092 Nam
1120 2039 1152 2093 et

142 2150 199 2193 vos
217 2130 253 2191 in
271 2126 326 2189 vix
348 2140 509 2208 peractum
527 2124 589 2207 jam
608 2126 728 2190 sacirun
749 2128 916 2206 incidistis,
937 2141 969 2191 et
986 2127 1038 2192 ille
1050 2131 1152 2193 statim

142 2230 243 2291 fassrrs
271 2228 459 2291 maleficium
491 2239 546 2290 est.
598 2227 699 2309 Cujus
728 2230 910 2314 magnitudo
939 2251 977 2294 ea
1006 2228 1151 2312 profecto

145 2337 209 2403 est,
238 2338 273 2390 ut
297 2328 331 2391 in
348 2349 414 2391 uno
435 2326 539 2390 omnia
559 2325 660 2391 inesse
682 2331 832 2392 maleficia
851 2331 1033 2405 rideantur,
1065 2326 1153 2411 quod

144 2429 207 2489 huc
236 2426 356 2491 retem
384 2428 457 2491 licet
483 2426 575 2508 hujus
604 2427 839 2503 immanitatem,
874 2449 940 2512 quo
971 2431 1072 2492 solent
1098 2452 1151 2506 aa,

145 2551 215 2613 quar
246 2528 330 2593 omui
357 2528 553 2592 humanitatis
581 2527 698 2589 rationi
725 2526 935 2590 inimicissima
954 2540 1036 2591 saun.
1072 2528 1154 2591 Nam

149 2650 220 2693 cum
249 2628 447 2693 inhumanius
473 2627 549 2691 nihil
577 2626 634 2702 sit,
679 2648 773 2711 quam
804 2627 949 2691 occidere
980 2626 1152 2704 homiuem,

150 2730 239 2813 quod
267 2730 328 2791 hoc
352 2728 487 2811 primurn
519 2727 646 2791 humani
672 2727 796 2809 generis
826 2727 1025 2803 societatem,
1061 2748 1155 2811 quam

149 2848 337 2893 conservare
355 2830 524 2893 humanum
536 2829 649 2891 maxim
661 2840 746 2905 cest,
767 2828 946 2911 perturbet,
966 2850 1002 2893 ac
1013 2828 1154 2911 dissipet,

147 2928 281 2993 amicitia
307 2950 387 2993 vero
415 2927 507 2990 unica
534 2928 685 3010 quadam,
698 2929 797 2993 virtus
818 2930 876 3007 sit,
907 2953 976 3014 quaa
993 2928 1155 2995 hominum

141 3028 225 3092 inter
268 3052 306 3092 se
345 3024 600 3107 conjunctionem
636 3028 806 3093 arctissime
843 3043 963 3107 teneat,
982 3068 1021 3083 -
1039 3026 1104 3095 uio*
1123 3041 1155 3110 et

145 3124 305 3189 hominem
316 3127 449 3201 occidit,
471 3137 501 3188 et
515 3127 660 3203 amicum,
683 3140 717 3192 ut
734 3128 797 3211 jam
814 3130 1019 3194 dubitandum
1029 3131 1155 3195 minime

146 3224 242 3289 vohis
258 3224 316 3301 sit,
334 3247 430 3311 quem
448 3248 537 3289 reum
559 3249 715 3303 accusem,
737 3240 791 3291 aut
807 3229 884 3313 quid
903 3230 943 3293 da
960 3250 999 3292 eo
1016 3228 1155 3310 judicare

146 3346 207 3389 ros
227 3336 385 3406 oporteat,
408 3326 464 3409 qui
484 3326 527 3389 ita
549 3326 588 3389 sit
604 3328 644 3391 ab
662 3330 746 3393 omni
769 3330 956 3395 humanitate
976 3328 1155 3405 derelictus,

144 3439 179 3497 ut
199 3426 306 3489 omnia
332 3428 372 3487 ab
400 3446 434 3489 se
459 3426 608 3503 humana,
640 3449 712 3493 cum
736 3431 787 3492 ille
815 3430 963 3495 Comicus
991 3453 1089 3495 senex
1115 3452 1156 3495 rra

147 3546 246 3589 tutum
264 3526 395 3609 quidem
414 3526 549 3610 aliquid,
578 3526 676 3591 aliena
695 3541 794 3611 putet.
832 3530 926 3593 Hunc
946 3551 1009 3611 ego
1027 3550 1157 3613 possum

148 3646 250 3687 uuum
275 3626 460 3691 Atheniensi
494 3626 547 3688 illo
580 3627 716 3691 Timone
747 3627 936 3709 asperiorem
969 3632 1156 3713 predicare,

146 3745 214 3787 non
243 3724 378 3789 humano
411 3736 529 3789 tantum
556 3726 666 3811 generi
701 3726 873 3803 infensum,
915 3731 971 3794 sed
1004 3732 1157 3799 unversa

147 3825 239 3891 etiam
261 3828 386 3891 uam
405 3826 574 3892 inimicum.
620 3826 707 3891 Cum
726 3826 809 3889 enim
828 3830 1000 3893 secundum
1018 3844 1159 3903 naturam

147 3926 205 4001 sit,
224 3926 260 3989 itl
277 3948 401 4002 amare,
423 3928 510 4011 quod
529 3928 581 3991 cui
599 3927 697 3990 simile
717 3925 855 4008 inprimis
875 3937 938 4001 est,
957 3939 1038 3992 etex
1052 3931 1157 3992 hestiis

145 4048 215 4089 non
234 4026 325 4091 tacite
343 4028 536 4109 reperiatur,
563 4050 633 4112 quae
653 4048 694 4089 ex
715 4048 774 4091 suo
794 4047 912 4111 genere
935 4026 1045 4091 animal
1064 4028 1159 4089 iuter-

145 4126 251 4202 ficiat,
269 4127 322 4191 hic
348 4140 468 4192 tautum
493 4148 563 4192 csse
590 4141 699 4192 contra
723 4141 864 4192 naturam
888 4126 1010 4207 potuit,
1041 4138 1160 4191 utnon

145 4236 318 4290 contentus
342 4228 455 4304 tuerit,
497 4229 644 4294 occidere
669 4232 843 4306 homiuem,
876 4231 933 4291 sed
963 4227 995 4289 in
1022 4225 1161 4289 occisum

146 4324 282 4413 t'prorprc
302 4331 492 4393 saviesulum
511 4330 654 4407 duxerit,
690 4342 721 4392 et
742 4352 875 4393 vacuum
901 4330 1001 4392 animat
1025 4348 1158 4409 corpus,

145 4430 210 4491 suis
229 4430 376 4495 manibus
399 4432 585 4507 laceratum,
606 4430 776 4495 nefandum
794 4430 829 4495 iu
847 4431 994 4506 modum,
1014 4428 1159 4506 mactarit,
