2624 5108
117 434 134 455 .,
808 437 812 445 .

525 842 772 917 l'lrelnrismus.
1077 849 1145 918 2⁰1

560 1036 667 1094 Phar
673 1055 694 1092 a
702 1055 731 1091 r.

220 1125 298 1188 Tele
323 1127 470 1209 quiddam
496 1139 558 1212 ego
584 1129 714 1213 quidem
738 1148 797 1191 nec
811 1127 880 1219 'leci
903 1149 1061 1213 unquam,
1091 1148 1149 1190 nec

140 1223 309 1289 meditatus
328 1249 407 1289 sum.
451 1229 580 1310 Semper
607 1228 690 1293 enim
716 1228 988 1302 committebam,
1025 1229 1151 1311 quiunt

140 1324 239 1389 delati
258 1329 343 1407 apud
366 1350 416 1391 me
437 1343 540 1392 essent
566 1342 602 1393 ut
622 1330 838 1414 insidiatores,
871 1341 924 1391 eut
947 1349 1028 1413 qnos
1048 1328 1151 1410 ulique

140 1444 212 1490 mea
238 1426 377 1509 suspicio
403 1451 475 1494 reos
500 1430 636 1496 fecisset.
680 1415 787 1518 Atque
807 1429 841 1495 in
864 1432 929 1492 hoe*
947 1428 1003 1491 tibi
1021 1449 1150 1490 conces·

141 1525 253 1602 serim,
284 1520 409 1590 novitio
426 1530 576 1610 Tyranno
595 1534 729 1595 vetulus.
768 1532 821 1593 Tu
838 1530 868 1607 *l
886 1551 965 1595 vero
985 1526 1151 1610 plurimum

143 1628 425 1704 commendandus,
465 1631 520 1712 qui
551 1654 588 1694 ee
615 1629 678 1711 jum
703 1629 868 1705 admisisti,
900 1630 1015 1715 quibus
1042 1651 1151 1692 ornnes
1256 1691 1258 1696 .

143 1746 226 1807 pene
256 1739 404 1823 tyrannos
427 1742 498 1811 post
528 1741 651 1814 tergum
670 1730 832 1817 relinquis.
884 1730 947 1792 Sed
976 1751 1050 1813 age,
1081 1741 1152 1813 post

142 1828 209 1889 lnce
226 1826 313 1890 initia
332 1828 388 1910 qui
402 1824 613 1912 progressus?
633 1834 735 1910 (luem
751 1820 844 1894 linem
864 1848 915 1894 res
930 1830 1062 1893 hebuit?

564 1933 755 2013 Tyrants„

225 2018 305 2084 Cum
318 2022 394 2105 quid
410 2022 503 2086 orrimi
523 2024 685 2099 haberem,
706 2022 814 2086 callide
829 2024 1070 2098 dissimularem,
1093 2044 1152 2084 nec

144 2118 208 2203 jam
230 2132 300 2184 ante
324 2125 384 2187 ulla
408 2123 499 2185 nobis
527 2124 647 2186 offense
678 2123 916 2194 intercessisset,
957 2137 989 2186 et
1013 2123 1088 2187 nilril
1111 2125 1151 2184 de

144 2243 195 2284 me
221 2221 272 2284 ille
296 2223 369 2284 mali
394 2223 622 2304 suspicaretur,
653 2244 688 2285 ac
712 2223 779 2306 ipse
799 2245 867 2306 ¹per
894 2224 997 2287 omnis
1022 2223 1151 2285 amicum

146 2322 341 2397 simularem,
380 2323 552 2385 etidcirco
579 2324 693 2388 blande
720 2324 917 2399 conferrem,
950 2325 989 2386 nd
1019 2320 1153 2384 officinm

146 2423 275 2498 vocavi,
306 2444 342 2482 oc
371 2422 461 2506 sequi
483 2445 533 2486 me
556 2434 646 2487 extra
669 2424 780 2486 urbem
801 2426 992 2507 aliquantum
1014 2419 1152 2493 itineris,

146 2524 223 2585 dum
239 2523 387 2606 quiddam
404 2525 618 2606 colloquerer,
641 2524 736 2602 juni,
756 2537 788 2586 et
800 2526 951 2588 inermem
969 2521 1063 2603 jussi,
1082 2541 1153 2582 cum

145 2645 197 2688 me
216 2623 285 2704 ipse
314 2625 392 2686 elom
421 2624 513 2687 amris
542 2623 802 2688 communiissem.
854 2623 917 2688 Ubi
936 2624 971 2685 in
995 2620 1155 2705 quoddam

146 2737 276 2788 veritum
290 2735 338 2787 est
352 2745 478 2799 nemus,
508 2724 666 2786 incautum
683 2724 843 2806 oppressi,
868 2725 1018 2787 inermem
1036 2720 1153 2796 occidi,

146 2822 338 2898 immaniter,
358 2825 536 2887 crudeliter.
575 2826 656 2888 Nam
674 2836 705 2887 et
721 2835 832 2905 practer
848 2824 907 2886 alia
920 2825 1050 2885 vulnera
1063 2823 1155 2904 quin·

146 2925 239 3008 quies
263 2925 403 3005 transegi
437 2925 589 3006 gladium,
636 2935 669 2989 at
699 2914 843 2988 eienime
877 2943 992 3004 corpus
1024 2923 1155 3004 raptari.

145 3028 285 3092 Deum
317 3025 406 3108 qnod
444 3024 658 3104 turpissimum
692 3026 776 3108 apud
806 3025 980 3087 Germanos
1013 3022 1157 3106 supplicii

148 3144 252 3208 genus
262 3135 427 3200 cernetur,
448 3125 618 3205 suspendio
635 3125 810 3188 innocentis
827 3124 923 3187 vitam
939 3123 1056 3187 notari.

568 3227 740 3282 Phalar.

224 3318 324 3383 Recte
352 3321 426 3383 haec.
484 3317 629 3381 Fuerunt
654 3317 698 3382 illi
724 3329 841 3394 antem,
880 3316 937 3402 qui
954 3315 1160 3383 interfectum

146 3421 312 3504 lugunt,
331 3416 499 3500 parentes?

561 3520 746 3593 Tyrants.

226 3613 302 3679 Fuit
319 3622 417 3695 pater.
461 3613 504 3675 Et
526 3614 587 3675 hoc
603 3609 749 3693 putabam
771 3608 911 3672 felicitati
933 3611 1045 3673 deesse
1064 3628 1158 3682 mese,

151 3714 243 3798 quod
264 3735 331 3779 non
355 3724 436 3776 esset
459 3724 492 3775 et
516 3723 631 3785 meter,
665 3731 745 3793 que.
758 3708 873 3789 puriter
895 3712 1029 3790 lugeret.
1073 3707 1159 3771 Illius

149 3835 231 3880 vere
248 3813 345 3897 petris
357 3815 524 3877 immensus
536 3811 597 3874 luit
607 3813 726 3886 luctus,
745 3809 840 3872 trium
851 3820 1001 3888 preterea
1012 3808 1158 3881 fratrum,

149 3929 190 3983 et
202 3914 298 3983 unius
317 3913 456 3992 sororis,
475 3934 531 3995 spe
547 3934 582 3977 se
597 3912 725 3975 orbatos
742 3931 800 3974 sus
817 3906 1025 3992 querentium.
1129 3968 1131 3973 ,

571 4014 743 4072 Pharas.

227 4108 316 4189 Quid
335 4106 423 4171 tum?

563 4216 593 4272 T
599 4232 746 4289 yrann.
1079 4290 1083 4297 Ι

230 4313 283 4379 Ad
302 4311 433 4394 patriam
449 4309 639 4390 sepulturam
656 4304 859 4391 poscentibus
877 4322 993 4384 eorpus
1011 4294 1135 4380 negavi·

150 4418 348 4437 μ

190 4462 221 4531 ⁹)
242 4473 293 4529 ἢν
309 4474 343 4532 ²⁰.-
371 4524 375 4532 .
