2624 5108
278 1375 320 1438 lu
343 1372 606 1453 Triumphum
631 1365 805 1433 Joannia
824 1362 1047 1439 Reucbiiu,

468 1512 567 1577 alias
599 1510 850 1593 Capnionia,

236 1652 272 1716 eit
302 1670 445 1717 atvtetta
474 1664 716 1722 ricotogtstt·
745 1660 1026 1722 Goionieutlbua,
1056 1665 1089 1709 ai

356 1805 610 1853 Pradicatorum
629 1797 760 1848 ordiuit
779 1799 967 1857 fratribus,

273 1900 335 2009 'E
412 1960 437 2009 u
511 1958 532 2007 e
609 1957 631 2006 o
704 1954 742 2003 m
814 1928 825 2000 i
899 1953 921 2003 0
994 1954 1017 2003 n

455 2093 614 2158 Uiricbi
635 2093 681 2156 ab
699 2092 869 2169 Hutten,

510 2247 611 2306 nquit
636 2246 810 2305 Germani,

579 2344 732 2446 incipit.

143 2702 249 2792 Dicat
266 2733 309 2789 Jo
319 2775 329 2802 ,
350 2735 374 2788 ai
392 2749 425 2790 so
444 2735 530 2790 novit
547 2735 732 2803 Germania,
751 2733 852 2802 dicat,

144 2828 353 2898 virtutemque
370 2843 455 2882 suam
474 2829 568 2896 dignis
589 2825 790 2882 concentibus
808 2833 925 2897 aequet,

142 2920 227 2975 Ecce
246 2921 478 2991 triumphantem
499 2920 620 2974 excisos
640 2919 793 2989 Capniona
811 2918 983 2989 sophistas,

142 3010 182 3064 Et
200 3011 367 3066 debellatos
385 3012 493 3085 recipit
510 3030 561 3067 aua
581 3011 674 3083 patria
693 3012 809 3067 fratres.

142 3103 213 3158 Nec
230 3114 328 3159 tamen
348 3122 405 3160 uua
424 3105 523 3180 capit,
539 3114 647 3176 quanta
668 3114 712 3158 est
732 3102 895 3160 Germania
914 3109 1029 3173 partem

142 3195 237 3253 Plena
257 3198 313 3252 viri
335 3199 452 3268 defert,
471 3209 499 3254 et
520 3198 637 3253 abhoc
657 3199 820 3270 splendore
838 3196 974 3263 nitescit,

142 3292 261 3362 Integer
281 3293 329 3349 ille
348 3302 446 3346 tamen
468 3292 567 3363 patriae
587 3291 680 3360 redit,
701 3291 799 3362 abjice
821 3305 929 3358 curas,

142 3387 171 3440 Si
190 3403 249 3458 qua
267 3385 319 3439 tibi
337 3384 407 3439 belli
428 3393 492 3451 est,
516 3384 579 3438 sive
600 3385 715 3440 esttibi
733 3384 856 3440 Phorca
879 3384 1017 3453 gerendas

142 3478 207 3532 Ulia
226 3478 292 3544 rei,
315 3476 504 3547 studiumque
522 3492 599 3532 uuus
618 3477 670 3532 tibi
689 3478 829 3533 vendicet
847 3494 939 3532 omne

141 3571 226 3624 Unua
244 3569 323 3624 enim
342 3569 446 3623 decori
466 3577 519 3625 eat.
560 3570 652 3648 Quod
672 3571 697 3625 si
715 3587 848 3641 unquam
864 3571 974 3628 moenia
991 3575 1101 3641 posset,

142 3662 295 3716 Helvetius
317 3661 417 3717 delere
439 3662 545 3732 furor,
563 3665 728 3735 populique
747 3664 886 3719 bibentes

141 3754 278 3823 Exiguos
296 3756 395 3811 Rheni
415 3759 544 3826 fonteis,
564 3769 593 3812 et
610 3757 701 3813 sortis
721 3758 828 3829 iniquae

142 3849 190 3906 'l'e
208 3860 382 3920 premerent
400 3867 506 3921 casus,
525 3862 648 3907 ruerent
665 3859 824 3921 turmaque
843 3850 1034 3921 domusque,

140 3943 305 4000 Occideret
322 3944 475 4016 populos,
494 3946 563 4000 solo
584 3945 646 3999 hoc
664 3955 712 3998 tua
731 3951 822 3998 staret
842 3943 963 3996 alumno

140 4038 232 4094 Fama
247 4054 357 4110 super,
379 4039 551 4110 scirentque
569 4046 655 4092 tuum
676 4034 822 4091 venientia
839 4049 952 4086 nomen

141 4130 257 4185 Secula.
295 4131 376 4206 Quid
396 4132 479 4187 cives
498 4131 651 4185 fortunam
670 4137 719 4184 aut
739 4144 820 4183 arma
839 4124 974 4181 timetis?

140 4222 211 4277 dam
229 4224 340 4279 dudum
360 4233 406 4278 est
424 4224 534 4295 aliquid
550 4240 639 4280 muro
658 4221 791 4277 vivacius
810 4222 891 4287 isto,

141 4315 292 4371 Turribus
312 4335 347 4370 ac
365 4316 484 4389 templis
503 4316 564 4371 iatis
575 4359 585 4387 ,
604 4316 751 4388 tectisque
771 4316 951 4382 domorum,

141 4409 272 4464 Munera
290 4427 357 4482 quae
375 4418 476 4464 vester
493 4410 582 4467 vobis
601 4410 725 4481 largitur
743 4411 889 4465 alumnus.

141 4503 244 4560 invitis
264 4505 402 4578 equidem
423 4504 551 4561 fortuma
571 4505 713 4565 osoribus
734 4504 856 4577 amplae,
