2624 5108
1088 650 1091 663 i

540 821 771 918 Deploratio.
842 918 845 923 ι
906 900 912 913 ,

147 1012 293 1086 Quaerere
310 1031 375 1086 quae
392 1014 535 1071 studuere
554 1014 632 1071 tibi?
660 1027 747 1087 potes
765 1019 794 1073 in
814 1029 902 1090 caput
921 1026 998 1083 istud

143 1105 283 1159 Exerere
300 1106 424 1163 hostiles
447 1101 580 1176 gladios,
609 1108 773 1176 vigilantius
792 1114 886 1169 ullum

146 1198 217 1272 Quo
236 1217 296 1256 non
316 1211 506 1271 compertum
526 1208 571 1254 cst
587 1218 643 1275 pro
665 1205 716 1257 te?
744 1215 832 1275 potes
851 1206 941 1279 impie
960 1219 1069 1267 tantam

145 1291 218 1346 Non
236 1302 370 1362 spectare
387 1292 477 1346 fidem
488 1333 499 1359 ‚
529 1293 585 1346 sub
604 1310 662 1364 qua
683 1295 789 1352 fiducia
807 1297 865 1355 fixa
886 1310 931 1357 est

147 1383 263 1438 Summa
281 1385 359 1439 tibi?
385 1396 472 1456 potes
490 1385 553 1439 hoc
573 1387 655 1440 ferro
675 1389 826 1458 contigere
846 1409 974 1466 corpus,

147 1477 236 1551 Quod
253 1493 369 1548 corpus
387 1494 507 1532 servare
526 1488 629 1547 tuum,
661 1496 693 1534 se
720 1498 875 1554 opponere
894 1487 982 1541 nullis

145 1573 217 1628 Non
236 1572 459 1629 discriminibus
477 1573 653 1641 consuevit,
685 1583 717 1629 ut
734 1575 846 1643 integer
866 1594 964 1646 esses,

145 1666 242 1720 Tutus
262 1676 292 1718 et
310 1664 491 1720 incolumis?
525 1665 598 1720 Non
615 1666 675 1719 hoc
697 1684 753 1737 pro
772 1684 897 1722 munere
919 1670 1000 1725 reddi

141 1759 255 1814 Debuit
274 1759 421 1826 exitium,
449 1759 502 1813 sed
520 1769 549 1813 te
567 1776 665 1830 neque
683 1761 823 1828 sanguine
841 1771 943 1821 natum

140 1853 276 1906 Humano
296 1852 485 1922 perhibenda
503 1852 594 1919 fides,
625 1869 724 1924 neque
745 1871 833 1906 carne
856 1866 1014 1925 coactum,

143 1942 215 2016 Quae
232 1945 350 2012 genuit,
382 1945 447 1998 fera
465 1954 559 1998 mater
579 1952 660 2011 erat,
685 1963 810 2017 quaeque
827 1946 921 2001 ubera
941 1967 1035 2020 parvo

126 2032 290 2104 Praebuit,
322 2038 462 2107 Hyrcana
479 2038 621 2109 quiddam
639 2039 675 2092 de
698 2039 822 2107 Tigride
841 2043 939 2109 suxit,

142 2131 284 2185 Saevitiam
305 2132 421 2184 tactura
438 2130 508 2198 tibi,
537 2130 654 2185 factura
671 2130 820 2192 furorem,

145 2224 290 2277 Credibile
309 2234 357 2279 est
376 2234 452 2278 atras
472 2224 559 2278 etiam
577 2223 690 2286 nutrire
710 2223 835 2291 leaenas,

145 2314 265 2384 Ingenio
285 2318 424 2387 quiddam
444 2302 621 2386 cognatum,
652 2327 679 2369 et
697 2317 835 2370 moribus
857 2317 938 2385 istis,

145 2411 204 2462 Aut
221 2409 321 2479 aliquo
338 2419 475 2480 serpente
494 2416 608 2474 satum,
639 2426 728 2478 quem
747 2410 810 2465 dira
830 2402 947 2478 Cyrene

144 2499 223 2555 Foeta
245 2519 398 2560 venenoso
416 2501 502 2555 solita
523 2510 568 2556 est
585 2502 756 2572 producere
775 2511 871 2573 partu.

144 2594 189 2648 Te
208 2595 379 2666 Rhodope,
408 2605 437 2654 te
456 2594 547 2650 tristis
568 2592 683 2659 Athos,
715 2592 896 2663 Riphaeaque
917 2598 1017 2645 cautes

143 2686 260 2753 Edidit,
288 2699 337 2741 aut
358 2687 489 2758 Scythici
507 2685 641 2740 borealia
658 2703 813 2740 murmura
832 2686 926 2740 'l'auri
936 2725 945 2753 ,

146 2779 361 2852 Caucaseaeque
380 2781 484 2849 nives,
514 2792 543 2833 et
562 2780 693 2834 desolata
711 2778 824 2851 pruinis

144 2871 274 2927 Hercinii
292 2890 444 2945 nunquam
467 2872 601 2926 nemoris
616 2873 705 2942 juga,
736 2889 861 2943 quaeque
880 2881 1013 2942 patentes

143 2962 317 3026 Exoneraut
336 2976 433 3020 terras
453 2966 589 3033 nebulis,
620 2974 649 3019 et
668 2963 820 3029 nubibuS,
847 2964 950 3042 Alpes.

145 3057 242 3117 infera
259 3068 287 3112 te
304 3059 404 3114 rabies
429 3059 527 3126 misit,
557 3068 586 3111 te
603 3065 699 3111 mater
719 3055 849 3126 Erynnis

145 3150 269 3205 invisam
288 3152 377 3212 terris
398 3153 539 3206 sobolom
557 3150 718 3222 produxit,
748 3158 776 3202 et
794 3149 838 3201 ira

144 3243 281 3314 Implevit
297 3245 409 3299 tumida
426 3254 551 3316 pectus,
580 3253 759 3312 sentosaque
779 3239 850 3294 diris
908 3289 914 3305 ,

144 3334 196 3390 Ilia
215 3337 409 3407 criminibus,
437 3347 465 3392 tc
490 3336 530 3393 nil
550 3334 699 3388 crudelius
717 3350 847 3404 uuquam

143 3428 276 3500 Odrysiae
293 3447 441 3509 peperere
460 3443 573 3497 nurus,
603 3437 634 3481 tu
652 3428 781 3498 pessima
802 3426 909 3499 quintas

142 3520 307 3591 Progenies
327 3523 437 3590 Lunae,
465 3531 497 3577 tu
518 3531 605 3575 terrae
624 3519 719 3589 iilius,
748 3519 828 3575 omni

146 3614 319 3671 Centimano
339 3618 455 3682 serior,
483 3614 619 3688 Typhoeo
637 3612 795 3666 immanior
814 3611 895 3664 omni
912 3643 946 3657 -

147 3706 225 3780 Quid
244 3710 378 3779 faceres,
413 3708 463 3780 qui
481 3716 509 3761 te
527 3707 610 3761 ferro
630 3703 781 3775 petiisset,
809 3713 838 3757 et
856 3720 938 3757 arma

144 3800 245 3857 Ferret
262 3804 291 3856 iu
312 3804 436 3857 exitium
449 3801 546 3871 jurata
564 3810 724 3871 tuumque,
755 3805 958 3865 tuorumque,

141 3897 200 3948 Aut
217 3897 267 3967 qui
288 3907 393 3968 pacta,
421 3894 531 3961 fidem,
555 3891 608 3947 tibi
627 3890 771 3944 falleret?
799 3897 848 3940 aut
866 3886 917 3939 tibi
937 3886 1038 3939 furtim

142 3986 287 4044 Fraudeur
306 3991 501 4043 intentasset?
530 3996 680 4061 pateretur
698 3980 853 4046 acerbius,
882 3979 962 4032 hosti

144 4079 202 4153 Qui
220 4091 249 4136 te
267 4082 453 4153 objecisset?
481 4098 535 4153 per
554 4096 643 4151 quem
661 4087 693 4132 tu
713 4075 848 4149 proditus
867 4073 972 4126 esses?

143 4174 294 4230 Innocuos
315 4176 389 4228 adeo
409 4190 530 4241 mores,
562 4181 590 4225 et
611 4171 713 4225 fraude
733 4177 884 4223 carentem

142 4266 278 4320 invasisti
296 4268 446 4336 animum,
478 4266 528 4339 qui
548 4283 617 4320 cum
635 4262 687 4318 tibi
707 4271 813 4316 cuncta
832 4259 981 4322 dedisset,

140 4358 204 4414 Pro
224 4368 254 4412 te
273 4373 380 4415 cuncta
399 4361 484 4429 tulit;
512 4359 565 4414 sed
584 4376 641 4413 nec
660 4358 754 4412 decor
775 4355 823 4409 ille
836 4356 984 4424 juventae,

140 4451 213 4506 Hac
230 4456 326 4509 movit
343 4455 460 4528 species
470 4474 480 4523 3
512 4454 596 4508 dabis
614 4454 675 4508 hoc
695 4448 877 4513 Germania,
908 4457 1020 4516 corpus
