2624 5108
522 809 784 889 consolatoria.
1108 809 1155 885 di

147 1018 281 1083 innecte
305 1010 422 1075 terent
451 1006 559 1071 omnio
586 1004 734 1085 gratiora
763 1012 847 1065 sunt.
892 1001 999 1065 Fortis
1026 1012 1058 1066 et
1088 1022 1158 1087 que

143 1140 256 1203 magna
273 1127 304 1177 et
320 1132 388 1197 que
401 1132 499 1193 parvo
515 1108 547 1171 in
559 1108 607 1171 his
622 1106 716 1169 rebus
730 1102 899 1179 eveniunt,
919 1101 1008 1184 juxto
1022 1102 1158 1167 estimat.

141 1222 184 1285 Et
210 1214 321 1281 nescio
344 1233 401 1277 cur
424 1231 494 1275 non
511 1210 540 1287 ς”)
568 1205 704 1271 feliciter
729 1202 827 1287 magis
857 1223 950 1286 quom
974 1205 1089 1267 misere
1114 1203 1161 1268 sic

141 1316 295 1383 cecidisse
313 1312 424 1378 dicem.
461 1312 632 1393 Utcunque
651 1306 735 1367 cuim
750 1306 812 1368 boe
829 1304 940 1368 mortis
961 1324 1062 1385 genus
1081 1304 1160 1367 :esti-

142 1440 228 1493 mas,
254 1414 328 1503 quie
344 1409 545 1495 repentinum
564 1420 628 1485 est,
656 1418 820 1488 tantopere
840 1405 988 1469 miserum
1007 1425 1075 1467 esse
1094 1426 1162 1467 nou

142 1528 259 1603 potest.
295 1516 412 1597 Neque
440 1522 546 1591 captus
572 1509 660 1593 prius
679 1518 743 1584 eet,
775 1527 880 1591 neque
900 1519 1027 1583 tortus,
1054 1525 1160 1589 neque

142 1616 310 1701 conjectus
335 1614 370 1677 in
394 1612 535 1685 vincula,
566 1630 639 1671 eum
659 1609 786 1679 minime
811 1608 1040 1688 suspiceretur,
1072 1612 1163 1674 irruit

141 1726 177 1788 iu
195 1738 271 1783 eum
291 1712 433 1797 Tyrum
449 1712 553 1777 furor.
590 1709 655 1790 Qui
672 1710 823 1791 previdet
840 1712 971 1787 malum,
996 1712 1022 1773 is
1042 1712 1161 1776 metuit.

141 1818 205 1903 Qui
223 1838 285 1881 nee
304 1816 475 1899 praevidet,
495 1831 555 1875 nce
573 1811 702 1887 metuit,
729 1809 862 1873 dimidio
881 1812 953 1875 meli
972 1826 1164 1877 exoneratus

142 1931 201 1985 eet.
244 1920 369 1979 Juttem
393 1924 550 1979 cesarem
577 1910 665 1993 ajunt
692 1912 850 1994 ejusmodi
874 1925 1010 1978 mortem
1036 1928 1163 1996 optasse

143 2036 287 2099 semper,
322 2023 353 2075 et
379 2012 559 2075 venientem
586 2013 743 2095 intrepide
769 2017 989 2095 amplexatum.
1033 2016 1165 2080 Fortem

144 2118 273 2205 quidem
300 2112 406 2177 virum
430 2115 571 2195 pericula
589 2126 621 2177 ct
640 2114 825 2179 calamitates
845 2118 998 2199 probant,
1029 2116 1163 2181 feminis

145 2220 204 2285 ieta
219 2216 529 2299 reliucprcndesunt,
548 2215 675 2298 lugere,
694 2213 829 2296 ejulare,
850 2238 986 2282 moerore
1006 2239 1043 2281 ec
1060 2219 1164 2283 inedie

147 2317 331 2383 conflictari.
376 2316 471 2379 Mors
497 2317 583 2377 nullu
608 2314 718 2379 durior
747 2329 812 2391 eet,
852 2341 922 2401 quae
948 2318 1080 2381 miseriis
1105 2339 1165 2381 nos

149 2415 250 2484 exuit.
303 2416 353 2477 'l'e
384 2435 490 2499 nequo
522 2415 627 2499 frangi
657 2415 702 2478 sic
733 2418 878 2481 moestitia
909 2420 1022 2493 decet,
1060 2440 1166 2501 neque

149 2515 296 2583 enervari
314 2515 470 2579 desiderio
491 2512 579 2595 ejus,
601 2538 695 2599 quem
710 2518 864 2581 reducere
880 2538 946 2580 non
961 2528 1069 2598 potes,
1090 2540 1167 2579 con·

149 2618 246 2685 vertit.
275 2614 401 2683 Deinde
417 2616 463 2679 sic
478 2614 616 2679 adversis
631 2618 855 2692 succumbere,
873 2639 979 2701 neque
992 2615 1110 2698 justum
1119 2620 1167 2693 mv³)

150 2733 216 2795 est,
234 2740 341 2803 neque
364 2716 446 2781 firmi
468 2716 572 2779 cidini.
608 2720 659 2780 An
680 2717 804 2781 dubius
822 2738 895 2781 eum
912 2719 1031 2795 omniu,
1055 2730 1168 2783 utcun-

150 2841 216 2907 que
247 2820 374 2895 cadunt,
409 2817 589 2899 accipienda
615 2816 692 2895 sint,
733 2840 830 2883 unum
859 2820 978 2903 aliquid
1005 2842 1072 2884 non
1098 2842 1168 2885 este

148 2920 276 2986 fortiter
300 2918 493 2983 serendum?
538 2920 651 3002 Neque
681 2930 729 2981 est
758 2920 940 2998 comitium,
973 2934 1168 3003 exspectare,

149 3024 230 3087 dum
259 3032 381 3103 tempus
409 3018 504 3081 istum
531 3019 589 3083 tibi
619 3039 786 3083 moerorem
810 3020 915 3085 leniat.
961 3020 1035 3104 lpse
1064 3023 1169 3105 potine

151 3120 233 3207 quid
249 3120 355 3184 facere
374 3118 491 3183 debcus
510 3119 626 3201 cogito.
664 3121 761 3201 Quod
779 3144 799 3185 e
817 3134 928 3185 nature
946 3135 1010 3198 eet,
1039 3146 1169 3190 necesse

151 3234 184 3286 et
205 3241 248 3283 ex
265 3220 328 3285 net
346 3221 524 3297 voluntate,
556 3218 584 3281 si
608 3220 642 3283 id
666 3221 778 3305 iniquo
806 3222 909 3285 tribuo
936 3222 1020 3299 iere,
1059 3236 1172 3287 cotttra

150 3333 298 3387 uicturam
319 3320 416 3395 fecis,
447 3318 632 3401 insipienter
651 3342 688 3383 oe
707 3322 811 3402 impie.
856 3321 954 3386 Certe
981 3342 1061 3385 vero
1087 3322 1171 3387 site

152 3422 306 3487 irnictum
321 3422 370 3487 bie
389 3421 527 3485 motibus
545 3422 739 3502 prestiteris,
770 3422 871 3487 solida
888 3422 1084 3487 fortitudinis
1103 3424 1172 3505 opi·

152 3523 251 3589 nione
270 3522 491 3587 celebrabo-is.
531 3520 586 3584 Sin
603 3522 760 3602 abjectum
778 3544 814 3585 ac
833 3523 1018 3601 demissum,
1037 3525 1173 3605 primum

153 3622 429 3701 nibiliocraberie,
449 3622 563 3686 deinde
574 3624 636 3685 boe
651 3644 782 3705 quoque
800 3624 1008 3705 quodhabes‚
1028 3624 1173 3706 corporit

154 3724 243 3789 vireo
261 3724 449 3802 mttnnabis,
469 3734 500 3785 et
515 3722 627 3787 mentis
647 3722 864 3805 quietudinem
879 3724 1030 3787 tm'butam
1046 3726 1172 3800 reddes,

153 3827 320 3913 ipsamque
346 3825 446 3889 vitem
469 3827 555 3888 luctu
576 3836 609 3887 et
630 3842 764 3885 moerore
784 3823 943 3885 conficies.
983 3822 1051 3889 Cur
1075 3824 1174 3908 igitur

152 3928 276 3993 tronea
300 3926 477 3991 condietari
502 3925 615 4001 mavis,
649 3944 744 4008 quiam
771 3922 859 4006 qnod
884 3922 1090 3986 irrevocabile
1115 3935 1173 3999 est,

151 4025 285 4092 fortiter
301 4026 470 4095 emittere?
502 4029 544 4091 Et
564 4046 637 4091 cum
654 4024 776 4107 perdita
797 4043 945 4105 reperere
970 4043 1036 4085 non
1061 4023 1173 4103 possis,

153 4128 264 4209 ipsum
280 4138 314 4193 te
333 4128 424 4213 quod
441 4128 598 4211 reliquum
616 4138 682 4203 est,
709 4124 856 4189 servare?
886 4124 960 4187 Noti
978 4134 1009 4185 te
1025 4122 1174 4205 effligere.

153 4225 235 4293 Noli
254 4225 289 4291 iu
306 4230 393 4295 luctu
408 4229 641 4293 contabescere.
680 4228 815 4291 Medere
826 4225 896 4303 W)
910 4225 984 4289 huie
1001 4224 1069 4307 ipse
1086 4224 1175 4307 egri·

191 4410 225 4481 ⁸)
244 4434 292 4467 cur
317 4433 375 4469 uon.
406 4434 444 4468 en.
496 4412 544 4485 ⁴⁴)
571 4424 666 4473 iustum
693 4430 741 4473 eet.
776 4421 845 4471 virile
875 4426 919 4468 eet.
973 4409 1038 4477 m)
1068 4418 1175 4462 Medera.

189 4504 314 4553 motum
