2624 5108
48 820 54 830 ¹
150 861 229 983 158·
386 855 428 927 In
453 853 640 933 Ulricbum
664 855 914 957 Wirtenberg.

145 1049 248 1113 Tanttt
266 1049 403 1131 pecunia
422 1070 496 1113 eum
518 1049 577 1113 tibi
600 1049 861 1127 subvenerimus,
891 1049 1081 1113 beneficium
1097 1069 1166 1113 non

143 1152 305 1232 agnoscis,
338 1148 417 1235 quid
442 1148 583 1229 iaceres,
617 1152 645 1214 si
670 1173 736 1215 amo
765 1168 895 1215 nrunmo
920 1154 1053 1221 salutem
1077 1161 1166 1215 tuam

142 1252 320 1317 redimisset
347 1250 446 1336 quis?
477 1250 653 1349 Duriasime
676 1252 855 1328 hominum,
890 1252 1016 1315 adeone
1031 1272 1166 1351 oeneus,

142 1376 193 1431 es,
226 1368 262 1417 ut
297 1356 382 1419 nubs
411 1350 633 1438 benignitas,
628 1356 729 1451 Q
757 1352 967 1445 beneficentia
996 1364 1169 1417 cortuum

142 1457 312 1539 penetret?
339 1454 382 1517 Et
398 1455 495 1517 debet
511 1454 597 1518 istud
613 1435 744 1539 quidein
763 1426 957 1517 ‹iocumen'to
973 1474 1045 1517 esse
1067 1452 1171 1519 omni·

141 1558 217 1641 bns,
250 1552 328 1639 rpaid
348 1554 406 1618 tibi
424 1556 601 1633 debeatur,
627 1576 701 1619 cum
718 1520 781 1617 doc
786 1557 876 1627 ioco
891 1555 1093 1629 bombrum'
1083 1576 1118 1618 m
1138 1566 1171 1619 te

141 1656 223 1719 bene
255 1650 367 1719 merita
393 1673 505 1740 ponas.
564 1650 630 1739 Qui
659 1678 733 1719 eum
758 1654 829 1719 talis
856 1650 917 1733 ais,
959 1678 1020 1721 neo
1049 1656 1173 1720 crimen

140 1748 373 1840 ingratitudinis
401 1760 460 1823 rei.
485 1756 742 1823 dissimulandum
780 1757 893 1835 ducas,
935 1760 1031 1820 muita
1061 1760 1168 1837 tamen

141 1880 268 1934 rueres,
314 1878 385 1944 quaa
417 1858 458 1923 ad
489 1870 522 1924 te
555 1850 731 1941 juvandum
756 1858 931 1939 pertinent,
975 1856 1075 1945 quasi¹
1099 1878 1167 1921 non

140 1960 251 2023 solitus
271 1954 314 2023 ais
333 1972 513 2025 servatores
528 1968 618 2036 tuos,
644 1958 723 2023 alios
742 1960 827 2034 vita,
853 1952 929 2021 alios
947 1948 1116 2021 carissimis
1131 1958 1169 2036 ⁸)

141 2058 201 2125 sibi
230 2050 326 2125 rebus
355 2059 503 2142 spoliare.
555 2060 656 2127 Addia
687 2060 781 2123 etiam
808 2054 1012 2140 jactationem
1040 2070 1169 2123 nramrm

140 2159 313 2237 virtutum,
333 2173 365 2225 et
381 2156 465 2224 inter
477 2166 589 2237 crotera
603 2163 669 2238 aie,
691 2182 765 2225 eum
780 2183 851 2225 esse
865 2158 918 2239 te',
938 2160 996 2244 qui
1009 2160 1168 2223 honorem

140 2282 265 2343 semper
287 2260 435 2353 habereris
462 2259 609 2325 muliebri
634 2262 738 2327 sexui.
789 2260 890 2345 Queri
915 2282 995 2325 vero
1024 2260 1059 2323 in
1087 2248 1169 2351 obli-

140 2361 269 2426 rionem
289 2363 456 2438 ceciderit,
485 2362 754 2446 quemadmodum
773 2373 859 2426 nram
878 2356 1069 2446 conjugem,
1089 2362 1168 2425 iilud

140 2462 299 2543 singulare
316 2462 474 2545 pudicitie
488 2462 647 2544 specimen
665 2464 860 2527 tractaveris.
898 2464 961 2539 Et,
983 2485 1003 2525 o
1019 2462 1167 2549 miseram

141 2565 325 2640 mulierem,
343 2584 380 2625 ac
392 2564 520 2628 sinistro
532 2564 638 2648 aliquo
656 2566 723 2627 fato
737 2565 933 2628 commissam
943 2566 1021 2647 lupo
1035 2567 1165 2645 agriam!

141 2666 244 2727 Tuam
272 2684 352 2727 vero
380 2677 522 2728 naturam
551 2668 717 2749 qaromodo
740 2668 824 2729 seret
841 2666 1026 2749 qnisquam,
1059 2660 1088 2723 si
1106 2662 1166 2724 isto

140 2748 233 2828 ferre¹
245 2764 416 2846 nequivit?
451 2774 504 2826 aut
524 2764 655 2847 alicujus
673 2783 813 2850 unquam
832 2764 981 2829 convictu
995 2762 1163 2838 mitesces,

142 2864 197 2949 qui
230 2850 292 2925 boo
319 2865 409 2925 saravi
442 2862 596 2946 conjugio
629 2878 738 2929 auctus
772 2888 806 2930 es
836 2862 1017 2941 ferocitate,
1056 2874 1089 2926 et
1112 2860 1166 2939 ⁴¹¹³)

141 2961 359 3026 contumacia?
390 2960 509 3027 Debuit
533 2965 657 3028 illave!
680 2969 881 3029 vehementer
905 2978 1065 3029 commoto
1086 2966 1164 3040 tibi,

142 3062 267 3147 ‹proties
284 3061 465 3139 incidisset,
492 3086 558 3127 ιιιιο
576 3079 724 3147 aspectu,
755 3088 887 3150 unoque
905 3064 1023 3129 intuitu
1040 3087 1167 3131 omnem

141 3164 243 3228 statim
260 3163 453 3229 iracundiam
471 3166 662 3246 reprimere,
689 3168 844 3230 tristitiam
864 3164 1010 3241 auferre,
1040 3178 1178 3247 pertur·.

138 3266 299 3330 bationem
321 3286 533 3347 componere,
567 3267 645 3329 iram
677 3270 798 3333 sedare.
848 3269 892 3330 At
919 3277 971 3343 tn,
1007 3288 1074 3329 non
1103 3266 1166 3349 jam

139 3372 252 3441 bomo,
272 3371 329 3432 sed
343 3366 484 3431 immanis
498 3367 616 3445 bestia,
636 3368 721 3431 omni
736 3368 845 3451 vipera
857 3369 1061 3443 muricatim,
1077 3368 1166 3431 omni

140 3468 309 3548 scorpione
328 3466 529 3545 insidiosior,
558 3468 644 3531 omui
664 3470 772 3551 aspide
797 3468 984 3542 nocentior,
1015 3488 1057 3529 ex
1081 3472 1166 3533 salu·

140 3565 278 3629 berrimo
302 3567 410 3629 fructu
435 3566 709 3649 praesentissimum
735 3570 897 3651 exsrgehas
919 3590 1100 3645 venenum,
1133 3582 1166 3632 et

139 3668 222 3731 illam
239 3671 296 3732 bae
313 3668 432 3751 forma,
460 3669 507 3733 his
526 3670 685 3745 moribus,
711 3669 757 3733 sic
773 3669 814 3735 de
829 3684 861 3734 te
876 3670 1039 3747 meritam,
1059 3672 1165 3757 duris·

140 3769 217 3832 sime
254 3768 445 3847 habendam,
491 3768 692 3835 acerbissime
724 3770 938 3853 affligendam,
989 3772 1165 3836 immaniter

142 3869 347 3932 occidendam
373 3868 503 3935 (luxisti.
551 3868 615 3935 Cui
638 3871 710 3955 quis
730 3882 856 3952 putaret
881 3872 916 3934 iu
940 3872 1044 3954 aliqua
1064 3871 1162 3932 domo

139 3992 207 4035 non
220 3973 428 4046 essetecum,
447 3993 520 4035 cum
535 3992 576 4033 ex
590 3972 647 4035 hae
661 3970 855 4052 prodiisset?
882 3971 971 4035 Atia
988 3984 1040 4035 trra
1053 3972 1164 4045 domo,

140 4094 234 4188 quam
248 4070 374 4153 generis
389 4072 522 4154 primum
539 4072 727 4150 splendore,
748 4072 864 4133 deinde
881 4074 1028 4135 omnibus
1045 4070 1163 4153 pariter

140 4173 247 4237 animi*
254 4194 290 4235 ae
304 4172 449 4253 corporis
467 4170 597 4232 dotibus
615 4184 798 4248 ornarerat,
825 4173 908 4235 harad
928 4174 998 4236 brit.
1037 4172 1162 4235 Deinde

140 4279 212 4359 quis
244 4274 336 4337 alicui
365 4275 445 4335 barac
470 4270 627 4353 speeiem,
668 4274 731 4337 boc
762 4272 1048 4355 pulchritudinis
1039 4274 1165 4355 assigna

141 4346 333 4450 -ds-

175 4506 206 4557 ἰ
223 4514 377 4571 massan,
394 4510 539 4561 clarissimis.
576 4500 622 4563 ⁴⁸*)
641 4518 682 4563 at.
702 4524 736 4559 ar.
