<?xml version="1.0" encoding="UTF-8"?>
<!DOCTYPE html PUBLIC "-//W3C//DTD XHTML 1.0 Transitional//EN"
    "http://www.w3.org/TR/xhtml1/DTD/xhtml1-transitional.dtd">
<html xmlns="http://www.w3.org/1999/xhtml" xml:lang="en" lang="en">
 <head>
  <title>
</title>
<meta http-equiv="Content-Type" content="text/html;charset=utf-8" />
  <meta name='ocr-system' content='tesseract 3.04.00' />
  <meta name='ocr-capabilities' content='ocr_page ocr_carea ocr_par ocr_line ocrx_word'/>
</head>
<body>
  <div class='ocr_page' id='page_1' title='image "./ulrichiabhutten03mngoog_0149.png"; bbox 0 0 2810 4722; ppageno 0'>
   <div class='ocr_carea' id='block_1_1' title="bbox 253 447 1008 551">
    <p class='ocr_par' dir='ltr' id='par_1_1' title="bbox 253 447 1008 551">
     <span class='ocr_line' id='line_1_1' title="bbox 253 447 1008 551; baseline -0.001 -25"><span class='ocrx_word' id='word_1_1' title='bbox 253 455 317 528; x_wconf 73' lang='lat'><strong>138</strong></span> <span class='ocrx_word' id='word_1_2' title='bbox 486 451 528 524; x_wconf 88' lang='lat' dir='ltr'><strong>In</strong></span> <span class='ocrx_word' id='word_1_3' title='bbox 552 447 736 524; x_wconf 86' lang='lat' dir='ltr'><strong>Ulrichum</strong></span> <span class='ocrx_word' id='word_1_4' title='bbox 760 449 1008 551; x_wconf 81' lang='lat' dir='ltr'><strong>Wirtenberg.</strong></span> 
     </span>
    </p>
   </div>
   <div class='ocr_carea' id='block_1_2' title="bbox 243 641 1265 3828">
    <p class='ocr_par' dir='ltr' id='par_1_2' title="bbox 243 641 1265 3828">
     <span class='ocr_line' id='line_1_2' title="bbox 248 641 1258 728; baseline -0.001 -21"><span class='ocrx_word' id='word_1_5' title='bbox 248 643 373 726; x_wconf 73' lang='lat' dir='ltr'><strong>adjutus</strong></span> <span class='ocrx_word' id='word_1_6' title='bbox 398 655 461 721; x_wconf 88' lang='lat' dir='ltr'><strong>est,</strong></span> <span class='ocrx_word' id='word_1_7' title='bbox 497 644 666 728; x_wconf 79' lang='lat' dir='ltr'>quominus</span> <span class='ocrx_word' id='word_1_8' title='bbox 693 641 781 726; x_wconf 84' lang='lat' dir='ltr'><strong>digni</strong></span> <span class='ocrx_word' id='word_1_9' title='bbox 806 661 929 719; x_wconf 86' lang='lat' dir='ltr'><strong>sumus,</strong></span> <span class='ocrx_word' id='word_1_10' title='bbox 968 655 999 706; x_wconf 83' lang='lat' dir='ltr'><strong>et</strong></span> <span class='ocrx_word' id='word_1_11' title='bbox 1024 663 1106 728; x_wconf 84' lang='lat' dir='ltr'><strong>quos</strong></span> <span class='ocrx_word' id='word_1_12' title='bbox 1133 643 1183 707; x_wconf 76' lang='lat' dir='ltr'><strong>itte</strong></span> <span class='ocrx_word' id='word_1_13' title='bbox 1212 643 1258 706; x_wconf 80' lang='lat' dir='ltr'><strong>tie</strong></span> 
     </span>
     <span class='ocr_line' id='line_1_3' title="bbox 248 741 1257 828; baseline -0.004 -19"><span class='ocrx_word' id='word_1_14' title='bbox 248 746 376 821; x_wconf 75' lang='lat' dir='ltr'><strong>leserit,</strong></span> <span class='ocrx_word' id='word_1_15' title='bbox 396 757 428 807; x_wconf 91' lang='lat' dir='ltr'><strong>et</strong></span> <span class='ocrx_word' id='word_1_16' title='bbox 445 744 501 828; x_wconf 87' lang='lat' dir='ltr'><strong>qui</strong></span> <span class='ocrx_word' id='word_1_17' title='bbox 518 766 537 806; x_wconf 78' lang='lat' dir='ltr'>a</span> <span class='ocrx_word' id='word_1_18' title='bbox 554 743 646 806; x_wconf 80' lang='lat' dir='ltr'><strong>vobis</strong></span> <span class='ocrx_word' id='word_1_19' title='bbox 660 741 714 819; x_wconf 86' lang='lat' dir='ltr'><strong>jus&#39;</strong></span> <span class='ocrx_word' id='word_1_20' title='bbox 727 755 760 804; x_wconf 92' lang='lat' dir='ltr'><strong>et</strong></span> <span class='ocrx_word' id='word_1_21' title='bbox 773 763 898 826; x_wconf 79' lang='lat' dir='ltr'><strong>equum</strong></span> <span class='ocrx_word' id='word_1_22' title='bbox 913 743 1113 826; x_wconf 73' lang='lat' dir='ltr'><strong>implorantes</strong></span> <span class='ocrx_word' id='word_1_23' title='bbox 1133 745 1257 808; x_wconf 77' lang='lat' dir='ltr'><strong>desere·</strong></span> 
     </span>
     <span class='ocr_line' id='line_1_4' title="bbox 248 843 1256 926; baseline 0 -20"><span class='ocrx_word' id='word_1_24' title='bbox 248 865 328 907; x_wconf 85' lang='lat' dir='ltr'>mur.</span> <span class='ocrx_word' id='word_1_25' title='bbox 366 845 462 926; x_wconf 81' lang='lat' dir='ltr'><strong>Quod</strong></span> <span class='ocrx_word' id='word_1_26' title='bbox 474 865 532 907; x_wconf 84' lang='lat' dir='ltr'><strong>vos</strong></span> <span class='ocrx_word' id='word_1_27' title='bbox 548 864 625 918; x_wconf 89' lang='lat' dir='ltr'><strong>orn,</strong></span> <span class='ocrx_word' id='word_1_28' title='bbox 646 863 683 904; x_wconf 84' lang='lat' dir='ltr'><strong>ee</strong></span> <span class='ocrx_word' id='word_1_29' title='bbox 696 843 855 918; x_wconf 87' lang='lat' dir='ltr'><strong>obtestor,</strong></span> <span class='ocrx_word' id='word_1_30' title='bbox 876 844 1042 920; x_wconf 73' lang='lat' dir='ltr'><strong>Germani,</strong></span> <span class='ocrx_word' id='word_1_31' title='bbox 1061 855 1098 906; x_wconf 84' lang='lat' dir='ltr'><strong>ut</strong></span> <span class='ocrx_word' id='word_1_32' title='bbox 1108 844 1256 920; x_wconf 77' lang='lat' dir='ltr'><strong>efficietis,</strong></span> 
     </span>
     <span class='ocr_line' id='line_1_5' title="bbox 249 928 1258 1028; baseline 0.001 -23"><span class='ocrx_word' id='word_1_33' title='bbox 249 955 314 1028; x_wconf 83' lang='lat' dir='ltr'><strong>quo</strong></span> <span class='ocrx_word' id='word_1_34' title='bbox 345 963 386 1007; x_wconf 89' lang='lat' dir='ltr'><strong>ne</strong></span> <span class='ocrx_word' id='word_1_35' title='bbox 413 945 445 1007; x_wconf 86' lang='lat' dir='ltr'><strong>vi</strong></span> <span class='ocrx_word' id='word_1_36' title='bbox 471 943 522 1027; x_wconf 76' lang='lat' dir='ltr'><strong>agi</strong></span> <span class='ocrx_word' id='word_1_37' title='bbox 542 963 671 1006; x_wconf 85' lang='lat' dir='ltr'><strong>neeesse</strong></span> <span class='ocrx_word' id='word_1_38' title='bbox 701 943 757 1018; x_wconf 89' lang='lat' dir='ltr'><strong>sit,</strong></span> <span class='ocrx_word' id='word_1_39' title='bbox 795 928 851 1005; x_wconf 81' lang='lat' dir='ltr'><strong>u&#39;hi</strong></span> <span class='ocrx_word' id='word_1_40' title='bbox 878 941 949 1023; x_wconf 83' lang='lat' dir='ltr'><strong>jure</strong></span> <span class='ocrx_word' id='word_1_41' title='bbox 980 944 1132 1024; x_wconf 78' lang='lat' dir='ltr'><strong>oportuit.</strong></span> <span class='ocrx_word' id='word_1_42' title='bbox 1182 945 1258 1008; x_wconf 88' lang='lat' dir='ltr'><strong>Non</strong></span> 
     </span>
     <span class='ocr_line' id='line_1_6' title="bbox 247 1033 1260 1127; baseline 0.002 -21"><span class='ocrx_word' id='word_1_43' title='bbox 247 1043 421 1125; x_wconf 72' lang='lat' dir='ltr'><strong>poterimus</strong></span> <span class='ocrx_word' id='word_1_44' title='bbox 444 1055 559 1108; x_wconf 84' lang='lat' dir='ltr'><strong>tentam</strong></span> <span class='ocrx_word' id='word_1_45' title='bbox 579 1042 814 1119; x_wconf 80' lang='lat' dir='ltr'><strong>contumelium,</strong></span> <span class='ocrx_word' id='word_1_46' title='bbox 851 1033 1093 1126; x_wconf 48' lang='lat' dir='ltr'><strong>tsm&#39;indignam</strong></span> <span class='ocrx_word' id='word_1_47' title='bbox 1109 1041 1260 1127; x_wconf 81' lang='lat' dir='ltr'><strong>injuriam</strong></span> 
     </span>
     <span class='ocr_line' id='line_1_7' title="bbox 248 1145 1260 1228; baseline 0.002 -22"><span class='ocrx_word' id='word_1_48' title='bbox 248 1146 446 1228; x_wconf 71' lang='lat' dir='ltr'><strong>quiescentes</strong></span> <span class='ocrx_word' id='word_1_49' title='bbox 464 1145 635 1228; x_wconf 79' lang='lat' dir='ltr'>negligere.</span> <span class='ocrx_word' id='word_1_50' title='bbox 679 1147 777 1225; x_wconf 82' lang='lat' dir='ltr'><strong>Quod</strong></span> <span class='ocrx_word' id='word_1_51' title='bbox 796 1146 836 1208; x_wconf 77' lang='lat' dir='ltr'><strong>ed</strong></span> <span class='ocrx_word' id='word_1_52' title='bbox 859 1165 910 1210; x_wconf 87' lang='lat' dir='ltr'><strong>me</strong></span> <span class='ocrx_word' id='word_1_53' title='bbox 934 1145 1088 1227; x_wconf 81' lang='lat' dir='ltr'>pertinet,</span> <span class='ocrx_word' id='word_1_54' title='bbox 1118 1145 1260 1210; x_wconf 76' lang='lat' dir='ltr'><strong>muittere</strong></span> 
     </span>
     <span class='ocr_line' id='line_1_8' title="bbox 247 1242 1259 1329; baseline 0.001 -23"><span class='ocrx_word' id='word_1_55' title='bbox 247 1245 342 1306; x_wconf 81' lang='lat' dir='ltr'><strong>vitem</strong></span> <span class='ocrx_word' id='word_1_56' title='bbox 358 1266 507 1326; x_wconf 87' lang='lat' dir='ltr'><strong>possum,</strong></span> <span class='ocrx_word' id='word_1_57' title='bbox 535 1245 748 1329; x_wconf 88' lang='lat' dir='ltr'><strong>persequendi</strong></span> <span class='ocrx_word' id='word_1_58' title='bbox 766 1242 855 1308; x_wconf 87' lang='lat' dir='ltr'><strong>istius</strong></span> <span class='ocrx_word' id='word_1_59' title='bbox 877 1244 1031 1310; x_wconf 78' lang='lat' dir='ltr'><strong>carnificis</strong></span> <span class='ocrx_word' id='word_1_60' title='bbox 1053 1265 1259 1327; x_wconf 75' lang='lat' dir='ltr'><strong>perseveran-</strong></span> 
     </span>
     <span class='ocr_line' id='line_1_9' title="bbox 247 1343 1258 1430; baseline -0.002 -24"><span class='ocrx_word' id='word_1_61' title='bbox 247 1344 338 1422; x_wconf 84' lang='lat' dir='ltr'><strong>tiem,</strong></span> <span class='ocrx_word' id='word_1_62' title='bbox 367 1364 433 1408; x_wconf 90' lang='lat' dir='ltr'><strong>non</strong></span> <span class='ocrx_word' id='word_1_63' title='bbox 456 1345 698 1420; x_wconf 70' lang='lat' dir='ltr'><strong>antemium,</strong></span> <span class='ocrx_word' id='word_1_64' title='bbox 730 1366 824 1430; x_wconf 86' lang='lat' dir='ltr'><strong>quem</strong></span> <span class='ocrx_word' id='word_1_65' title='bbox 850 1365 921 1410; x_wconf 81' lang='lat' dir='ltr'><strong>etnn</strong></span> <span class='ocrx_word' id='word_1_66' title='bbox 943 1345 1007 1409; x_wconf 81' lang='lat' dir='ltr'><strong>vite</strong></span> <span class='ocrx_word' id='word_1_67' title='bbox 1033 1345 1124 1409; x_wconf 86' lang='lat' dir='ltr'><strong>simul</strong></span> <span class='ocrx_word' id='word_1_68' title='bbox 1144 1343 1258 1406; x_wconf 83' lang='lat' dir='ltr'><strong>omnia.</strong></span> 
     </span>
     <span class='ocr_line' id='line_1_10' title="bbox 247 1437 1257 1526; baseline -0.003 -18"><span class='ocrx_word' id='word_1_69' title='bbox 247 1447 315 1508; x_wconf 85' lang='lat' dir='ltr'><strong>Nee</strong></span> <span class='ocrx_word' id='word_1_70' title='bbox 331 1466 390 1507; x_wconf 88' lang='lat' dir='ltr'><strong>vos</strong></span> <span class='ocrx_word' id='word_1_71' title='bbox 409 1457 519 1526; x_wconf 83' lang='lat' dir='ltr'><strong>putate</strong></span> <span class='ocrx_word' id='word_1_72' title='bbox 535 1447 623 1508; x_wconf 80' lang='lat' dir='ltr'><strong>eliam</strong></span> <span class='ocrx_word' id='word_1_73' title='bbox 640 1445 706 1509; x_wconf 81' lang='lat' dir='ltr'><strong>aliis</strong></span> <span class='ocrx_word' id='word_1_74' title='bbox 726 1455 860 1510; x_wconf 78' lang='lat' dir='ltr'><strong>mentem</strong></span> <span class='ocrx_word' id='word_1_75' title='bbox 881 1437 977 1508; x_wconf 68' lang='lat' dir='ltr'><strong>esse*</strong></span> <span class='ocrx_word' id='word_1_76' title='bbox 1000 1446 1117 1508; x_wconf 89' lang='lat' dir='ltr'><strong>Omnes</strong></span> <span class='ocrx_word' id='word_1_77' title='bbox 1135 1443 1257 1518; x_wconf 79' lang='lat' dir='ltr'><strong>ardent,</strong></span> 
     </span>
     <span class='ocr_line' id='line_1_11' title="bbox 248 1545 1260 1610; baseline 0.001 -3"><span class='ocrx_word' id='word_1_78' title='bbox 248 1564 357 1608; x_wconf 86' lang='lat' dir='ltr'><strong>omnes</strong></span> <span class='ocrx_word' id='word_1_79' title='bbox 381 1545 560 1609; x_wconf 76' lang='lat' dir='ltr'><strong>inflammati</strong></span> <span class='ocrx_word' id='word_1_80' title='bbox 580 1557 652 1609; x_wconf 88' lang='lat' dir='ltr'><strong>sunt</strong></span> <span class='ocrx_word' id='word_1_81' title='bbox 674 1545 845 1610; x_wconf 86' lang='lat' dir='ltr'><strong>ulciscendi</strong></span> <span class='ocrx_word' id='word_1_82' title='bbox 863 1547 979 1610; x_wconf 88' lang='lat' dir='ltr'><strong>studio.</strong></span> <span class='ocrx_word' id='word_1_83' title='bbox 1023 1546 1067 1608; x_wconf 85' lang='lat' dir='ltr'><strong>At</strong></span> <span class='ocrx_word' id='word_1_84' title='bbox 1083 1546 1191 1609; x_wconf 76' lang='lat' dir='ltr'><strong>Gallos</strong></span> <span class='ocrx_word' id='word_1_85' title='bbox 1208 1546 1260 1608; x_wconf 86' lang='lat' dir='ltr'><strong>ille</strong></span> 
     </span>
     <span class='ocr_line' id='line_1_12' title="bbox 246 1641 1259 1728; baseline 0.001 -21"><span class='ocrx_word' id='word_1_86' title='bbox 246 1641 390 1720; x_wconf 80' lang='lat' dir='ltr'><strong>invehet,</strong></span> <span class='ocrx_word' id='word_1_87' title='bbox 428 1647 459 1708; x_wconf 88' lang='lat' dir='ltr'><strong>et</strong></span> <span class='ocrx_word' id='word_1_88' title='bbox 477 1667 553 1708; x_wconf 89' lang='lat' dir='ltr'><strong>suos</strong></span> <span class='ocrx_word' id='word_1_89' title='bbox 577 1645 670 1708; x_wconf 85' lang='lat' dir='ltr'><strong>nobis</strong></span> <span class='ocrx_word' id='word_1_90' title='bbox 692 1647 722 1723; x_wconf 75' lang='lat' dir='ltr'><strong>*l</strong></span> <span class='ocrx_word' id='word_1_91' title='bbox 741 1657 892 1728; x_wconf 87' lang='lat' dir='ltr'><strong>opponet.</strong></span> <span class='ocrx_word' id='word_1_92' title='bbox 930 1647 1074 1722; x_wconf 66' lang='lat' dir='ltr'><strong>Invenit,</strong></span> <span class='ocrx_word' id='word_1_93' title='bbox 1107 1657 1259 1728; x_wconf 83' lang='lat' dir='ltr'><strong>opponat.</strong></span> 
     </span>
     <span class='ocr_line' id='line_1_13' title="bbox 248 1745 1259 1835; baseline -0.002 -26"><span class='ocrx_word' id='word_1_94' title='bbox 248 1745 360 1809; x_wconf 82' lang='lat' dir='ltr'><strong>Satius</strong></span> <span class='ocrx_word' id='word_1_95' title='bbox 382 1757 445 1820; x_wconf 88' lang='lat' dir='ltr'><strong>est,</strong></span> <span class='ocrx_word' id='word_1_96' title='bbox 488 1748 584 1810; x_wconf 88' lang='lat' dir='ltr'><strong>semel</strong></span> <span class='ocrx_word' id='word_1_97' title='bbox 620 1746 777 1825; x_wconf 85' lang='lat' dir='ltr'><strong>experiri,</strong></span> <span class='ocrx_word' id='word_1_98' title='bbox 821 1767 913 1829; x_wconf 82' lang='lat' dir='ltr'><strong>quern</strong></span> <span class='ocrx_word' id='word_1_99' title='bbox 931 1768 1064 1835; x_wconf 31' lang='lat' dir='ltr'><strong>‚semper</strong></span> <span class='ocrx_word' id='word_1_100' title='bbox 1098 1755 1259 1820; x_wconf 87' lang='lat' dir='ltr'><strong>metuere,</strong></span> 
     </span>
     <span class='ocr_line' id='line_1_14' title="bbox 247 1845 1260 1928; baseline -0.001 -21"><span class='ocrx_word' id='word_1_101' title='bbox 247 1865 372 1925; x_wconf 86' lang='lat' dir='ltr'><strong>semper</strong></span> <span class='ocrx_word' id='word_1_102' title='bbox 398 1845 561 1926; x_wconf 77' lang='lat' dir='ltr'><strong>suspicari.</strong></span> <span class='ocrx_word' id='word_1_103' title='bbox 609 1846 677 1910; x_wconf 81' lang='lat' dir='ltr'><strong>Jem</strong></span> <span class='ocrx_word' id='word_1_104' title='bbox 705 1847 771 1908; x_wconf 80' lang='lat' dir='ltr'><strong>hee</strong></span> <span class='ocrx_word' id='word_1_105' title='bbox 799 1857 889 1908; x_wconf 84' lang='lat' dir='ltr'><strong>vetus</strong></span> <span class='ocrx_word' id='word_1_106' title='bbox 918 1845 1047 1913; x_wconf 78' lang='lat' dir='ltr'><strong>audacia</strong></span> <span class='ocrx_word' id='word_1_107' title='bbox 1076 1858 1143 1921; x_wconf 86' lang='lat' dir='ltr'><strong>est,</strong></span> <span class='ocrx_word' id='word_1_108' title='bbox 1178 1867 1260 1928; x_wconf 76' lang='lat' dir='ltr'><strong>sepe</strong></span> 
     </span>
     <span class='ocr_line' id='line_1_15' title="bbox 243 1943 1261 2030; baseline 0.003 -24"><span class='ocrx_word' id='word_1_109' title='bbox 243 1945 358 2007; x_wconf 75' lang='lat' dir='ltr'><strong>enditae</strong></span> <span class='ocrx_word' id='word_1_110' title='bbox 378 1943 478 2007; x_wconf 73' lang='lat' dir='ltr'><strong>mine.</strong></span> <span class='ocrx_word' id='word_1_111' title='bbox 521 1945 595 2008; x_wconf 78' lang='lat' dir='ltr'><strong>Hoc</strong></span> <span class='ocrx_word' id='word_1_112' title='bbox 611 1965 735 2027; x_wconf 85' lang='lat' dir='ltr'><strong>semper</strong></span> <span class='ocrx_word' id='word_1_113' title='bbox 751 1945 892 2028; x_wconf 89' lang='lat' dir='ltr'><strong>perditus</strong></span> <span class='ocrx_word' id='word_1_114' title='bbox 915 1947 1052 2030; x_wconf 84' lang='lat' dir='ltr'><strong>quisque</strong></span> <span class='ocrx_word' id='word_1_115' title='bbox 1071 1947 1183 2011; x_wconf 85' lang='lat' dir='ltr'><strong>sceleri</strong></span> <span class='ocrx_word' id='word_1_116' title='bbox 1201 1967 1261 2009; x_wconf 89' lang='lat' dir='ltr'><strong>suo</strong></span> 
     </span>
     <span class='ocr_line' id='line_1_16' title="bbox 248 2045 1262 2128; baseline 0 -20"><span class='ocrx_word' id='word_1_117' title='bbox 248 2047 366 2124; x_wconf 74' lang='lat' dir='ltr'><strong>asylum</strong></span> <span class='ocrx_word' id='word_1_118' title='bbox 385 2046 502 2126; x_wconf 88' lang='lat' dir='ltr'><strong>posuit.</strong></span> <span class='ocrx_word' id='word_1_119' title='bbox 553 2047 627 2108; x_wconf 84' lang='lat' dir='ltr'><strong>Hoo</strong></span> <span class='ocrx_word' id='word_1_120' title='bbox 647 2045 697 2124; x_wconf 65' lang='grc' dir='ltr'><strong>Μ)</strong></span> <span class='ocrx_word' id='word_1_121' title='bbox 715 2058 826 2110; x_wconf 78' lang='lat' dir='ltr'><strong>eontra</strong></span> <span class='ocrx_word' id='word_1_122' title='bbox 846 2048 954 2128; x_wconf 79' lang='lat' dir='ltr'><strong>legum</strong></span> <span class='ocrx_word' id='word_1_123' title='bbox 974 2047 1039 2108; x_wconf 85' lang='lat' dir='ltr'><strong>vim</strong></span> <span class='ocrx_word' id='word_1_124' title='bbox 1057 2045 1179 2112; x_wconf 77' lang='lat' dir='ltr'><strong>militie</strong></span> <span class='ocrx_word' id='word_1_125' title='bbox 1197 2065 1262 2108; x_wconf 76' lang='lat' dir='ltr'><strong>sue</strong></span> 
     </span>
     <span class='ocr_line' id='line_1_17' title="bbox 247 2143 1262 2228; baseline -0.003 -19"><span class='ocrx_word' id='word_1_126' title='bbox 247 2147 521 2228; x_wconf 80' lang='lat' dir='ltr'><strong>propugnaculum</strong></span> <span class='ocrx_word' id='word_1_127' title='bbox 547 2145 633 2228; x_wconf 81' lang='lat' dir='ltr'><strong>legit.</strong></span> <span class='ocrx_word' id='word_1_128' title='bbox 681 2147 814 2228; x_wconf 85' lang='lat' dir='ltr'><strong>Quoties</strong></span> <span class='ocrx_word' id='word_1_129' title='bbox 842 2146 925 2209; x_wconf 88' lang='lat' dir='ltr'><strong>enim</strong></span> <span class='ocrx_word' id='word_1_130' title='bbox 953 2146 1148 2210; x_wconf 77' lang='lat' dir='ltr'><strong>audivimus:</strong></span> <span class='ocrx_word' id='word_1_131' title='bbox 1193 2143 1262 2215; x_wconf 74' lang='lat' dir='ltr'><strong>„nd</strong></span> 
     </span>
     <span class='ocr_line' id='line_1_18' title="bbox 248 2241 1262 2328; baseline -0.004 -20"><span class='ocrx_word' id='word_1_132' title='bbox 248 2247 356 2309; x_wconf 80' lang='lat' dir='ltr'><strong>Gallos</strong></span> <span class='ocrx_word' id='word_1_133' title='bbox 383 2247 564 2328; x_wconf 77' lang='lat' dir='ltr'><strong>confugiet,</strong></span> <span class='ocrx_word' id='word_1_134' title='bbox 610 2267 681 2310; x_wconf 87' lang='lat' dir='ltr'><strong>eum</strong></span> <span class='ocrx_word' id='word_1_135' title='bbox 711 2246 861 2310; x_wconf 84' lang='lat' dir='ltr'><strong>Swizeris</strong></span> <span class='ocrx_word' id='word_1_136' title='bbox 891 2247 958 2323; x_wconf 67' lang='lat' dir='ltr'><strong>see)</strong></span> <span class='ocrx_word' id='word_1_137' title='bbox 997 2247 1100 2309; x_wconf 85' lang='lat' dir='ltr'><strong>soedus</strong></span> <span class='ocrx_word' id='word_1_138' title='bbox 1127 2241 1219 2306; x_wconf 89' lang='lat' dir='ltr'><strong>inibit</strong></span> <span class='ocrx_word' id='word_1_139' title='bbox 1227 2241 1262 2304; x_wconf 74' lang='lat' dir='ltr'><strong>‘l‘</strong></span> 
     </span>
     <span class='ocr_line' id='line_1_19' title="bbox 247 2345 1263 2429; baseline -0.004 -20"><span class='ocrx_word' id='word_1_140' title='bbox 247 2346 429 2429; x_wconf 80' lang='lat' dir='ltr'><strong>Aliquando</strong></span> <span class='ocrx_word' id='word_1_141' title='bbox 460 2348 544 2409; x_wconf 88' lang='lat' dir='ltr'><strong>hune</strong></span> <span class='ocrx_word' id='word_1_142' title='bbox 567 2347 786 2426; x_wconf 76' lang='lat' dir='ltr'><strong>abrumpamus</strong></span> <span class='ocrx_word' id='word_1_143' title='bbox 816 2357 948 2423; x_wconf 86' lang='lat' dir='ltr'><strong>metum,</strong></span> <span class='ocrx_word' id='word_1_144' title='bbox 985 2349 1065 2411; x_wconf 81' lang='lat' dir='ltr'><strong>hane</strong></span> <span class='ocrx_word' id='word_1_145' title='bbox 1097 2345 1263 2426; x_wconf 77' lang='lat' dir='ltr'><strong>extingue·</strong></span> 
     </span>
     <span class='ocr_line' id='line_1_20' title="bbox 247 2443 1262 2525; baseline -0.002 -16"><span class='ocrx_word' id='word_1_146' title='bbox 247 2467 317 2509; x_wconf 91' lang='lat' dir='ltr'><strong>mus</strong></span> <span class='ocrx_word' id='word_1_147' title='bbox 341 2445 431 2521; x_wconf 63' lang='lat' dir='ltr'><strong>sess)</strong></span> <span class='ocrx_word' id='word_1_148' title='bbox 460 2443 683 2525; x_wconf 84' lang='lat' dir='ltr'><strong>suspicionem.</strong></span> <span class='ocrx_word' id='word_1_149' title='bbox 733 2444 805 2507; x_wconf 87' lang='lat' dir='ltr'><strong>Seio</strong></span> <span class='ocrx_word' id='word_1_150' title='bbox 829 2467 888 2507; x_wconf 82' lang='lat' dir='ltr'><strong>vos</strong></span> <span class='ocrx_word' id='word_1_151' title='bbox 915 2447 987 2510; x_wconf 80' lang='lat' dir='ltr'><strong>setis</strong></span> <span class='ocrx_word' id='word_1_152' title='bbox 1009 2447 1178 2510; x_wconf 75' lang='lat' dir='ltr'><strong>adversum</strong></span> <span class='ocrx_word' id='word_1_153' title='bbox 1206 2446 1262 2508; x_wconf 83' lang='lat' dir='ltr'><strong>has</strong></span> 
     </span>
     <span class='ocr_line' id='line_1_21' title="bbox 248 2543 1261 2619; baseline 0.001 -12"><span class='ocrx_word' id='word_1_154' title='bbox 248 2543 390 2608; x_wconf 81' lang='lat' dir='ltr'><strong>ustiones</strong></span> <span class='ocrx_word' id='word_1_155' title='bbox 401 2555 510 2618; x_wconf 75' lang='lat' dir='ltr'><strong>tutos,</strong></span> <span class='ocrx_word' id='word_1_156' title='bbox 542 2555 574 2604; x_wconf 88' lang='lat' dir='ltr'><strong>et</strong></span> <span class='ocrx_word' id='word_1_157' title='bbox 594 2545 644 2605; x_wconf 86' lang='lat' dir='ltr'><strong>vel</strong></span> <span class='ocrx_word' id='word_1_158' title='bbox 667 2544 735 2606; x_wconf 87' lang='lat' dir='ltr'><strong>sola</strong></span> <span class='ocrx_word' id='word_1_159' title='bbox 756 2544 838 2610; x_wconf 79' lang='lat' dir='ltr'><strong>seme</strong></span> <span class='ocrx_word' id='word_1_160' title='bbox 859 2546 1020 2610; x_wconf 77' lang='lat' dir='ltr'><strong>defensos.</strong></span> <span class='ocrx_word' id='word_1_161' title='bbox 1059 2548 1122 2609; x_wconf 86' lang='lat' dir='ltr'><strong>Sed</strong></span> <span class='ocrx_word' id='word_1_162' title='bbox 1142 2555 1261 2619; x_wconf 61' lang='lat' dir='ltr'><strong>umen,</strong></span> 
     </span>
     <span class='ocr_line' id='line_1_22' title="bbox 249 2643 1264 2731; baseline 0.003 -26"><span class='ocrx_word' id='word_1_163' title='bbox 249 2644 323 2726; x_wconf 80' lang='lat' dir='ltr'><strong>quio</strong></span> <span class='ocrx_word' id='word_1_164' title='bbox 337 2643 383 2706; x_wconf 88' lang='lat' dir='ltr'><strong>sie</strong></span> <span class='ocrx_word' id='word_1_165' title='bbox 399 2655 509 2725; x_wconf 79' lang='lat' dir='ltr'><strong>putant</strong></span> <span class='ocrx_word' id='word_1_166' title='bbox 521 2645 672 2726; x_wconf 84' lang='lat' dir='ltr'><strong>improbi,</strong></span> <span class='ocrx_word' id='word_1_167' title='bbox 693 2667 763 2708; x_wconf 86' lang='lat' dir='ltr'><strong>esse</strong></span> <span class='ocrx_word' id='word_1_168' title='bbox 783 2645 917 2728; x_wconf 76' lang='lat' dir='ltr'><strong>aliquid,</strong></span> <span class='ocrx_word' id='word_1_169' title='bbox 938 2647 1026 2731; x_wconf 87' lang='lat' dir='ltr'><strong>quod</strong></span> <span class='ocrx_word' id='word_1_170' title='bbox 1042 2647 1134 2710; x_wconf 91' lang='lat' dir='ltr'><strong>nobis</strong></span> <span class='ocrx_word' id='word_1_171' title='bbox 1152 2647 1264 2708; x_wconf 85' lang='lat' dir='ltr'><strong>obten-</strong></span> 
     </span>
     <span class='ocr_line' id='line_1_23' title="bbox 248 2745 1263 2827; baseline 0.004 -21"><span class='ocrx_word' id='word_1_172' title='bbox 248 2756 314 2808; x_wconf 81' lang='lat' dir='ltr'><strong>tere</strong></span> <span class='ocrx_word' id='word_1_173' title='bbox 332 2745 469 2826; x_wconf 88' lang='lat' dir='ltr'><strong>possint,</strong></span> <span class='ocrx_word' id='word_1_174' title='bbox 498 2745 587 2809; x_wconf 81' lang='lat' dir='ltr'><strong>istem</strong></span> <span class='ocrx_word' id='word_1_175' title='bbox 607 2747 784 2808; x_wconf 72' lang='lat' dir='ltr'><strong>arderemus</strong></span> <span class='ocrx_word' id='word_1_176' title='bbox 803 2766 910 2827; x_wconf 88' lang='lat' dir='ltr'><strong>spem,</strong></span> <span class='ocrx_word' id='word_1_177' title='bbox 936 2747 1020 2810; x_wconf 89' lang='lat' dir='ltr'><strong>istud</strong></span> <span class='ocrx_word' id='word_1_178' title='bbox 1039 2749 1263 2814; x_wconf 79' lang='lat' dir='ltr'><strong>concludemus</strong></span> 
     </span>
     <span class='ocr_line' id='line_1_24' title="bbox 248 2845 1264 2930; baseline -0.001 -21"><span class='ocrx_word' id='word_1_179' title='bbox 248 2845 422 2930; x_wconf 67' lang='lat' dir='ltr'><strong>refugium</strong></span> <span class='ocrx_word' id='word_1_180' title='bbox 445 2846 533 2910; x_wconf 79' lang='lat' dir='ltr'><strong>istam</strong></span> <span class='ocrx_word' id='word_1_181' title='bbox 547 2847 686 2926; x_wconf 79' lang='lat' dir='ltr'><strong>pessime</strong></span> <span class='ocrx_word' id='word_1_182' title='bbox 700 2845 821 2908; x_wconf 80' lang='lat' dir='ltr'><strong>fidueiae</strong></span> <span class='ocrx_word' id='word_1_183' title='bbox 836 2867 940 2910; x_wconf 82' lang='lat' dir='ltr'><strong>arcem</strong></span> <span class='ocrx_word' id='word_1_184' title='bbox 957 2849 1181 2923; x_wconf 82' lang='lat' dir='ltr'><strong>demoliemur,</strong></span> <span class='ocrx_word' id='word_1_185' title='bbox 1201 2849 1264 2910; x_wconf 86' lang='lat' dir='ltr'><strong>hoe</strong></span> 
     </span>
     <span class='ocr_line' id='line_1_25' title="bbox 248 2944 1263 3028; baseline 0 -20"><span class='ocrx_word' id='word_1_186' title='bbox 248 2967 327 3008; x_wconf 82' lang='lat' dir='ltr'><strong>vero</strong></span> <span class='ocrx_word' id='word_1_187' title='bbox 346 2959 408 3008; x_wconf 84' lang='lat' dir='ltr'><strong>tem</strong></span> <span class='ocrx_word' id='word_1_188' title='bbox 427 2958 554 3020; x_wconf 87' lang='lat' dir='ltr'><strong>notum,</strong></span> <span class='ocrx_word' id='word_1_189' title='bbox 583 2956 645 3008; x_wconf 84' lang='lat' dir='ltr'><strong>tem</strong></span> <span class='ocrx_word' id='word_1_190' title='bbox 670 2946 710 3006; x_wconf 81' lang='lat' dir='ltr'><strong>ed</strong></span> <span class='ocrx_word' id='word_1_191' title='bbox 735 2944 916 3010; x_wconf 80' lang='lat' dir='ltr'><strong>imitandum</strong></span> <span class='ocrx_word' id='word_1_192' title='bbox 943 2949 1121 3028; x_wconf 78' lang='lat' dir='ltr'><strong>expositum</strong></span> <span class='ocrx_word' id='word_1_193' title='bbox 1140 2950 1242 3010; x_wconf 82' lang='lat' dir='ltr'><strong>scelus</strong></span> <span class='ocrx_word' id='word_1_194' title='bbox 1249 2991 1263 3022; x_wconf 72' lang='lat'><em>,</em></span> 
     </span>
     <span class='ocr_line' id='line_1_26' title="bbox 248 3041 1264 3129; baseline 0.002 -21"><span class='ocrx_word' id='word_1_195' title='bbox 248 3045 367 3123; x_wconf 80' lang='lat' dir='ltr'><strong>judicio</strong></span> <span class='ocrx_word' id='word_1_196' title='bbox 386 3044 522 3124; x_wconf 89' lang='lat' dir='ltr'><strong>primum</strong></span> <span class='ocrx_word' id='word_1_197' title='bbox 540 3064 577 3104; x_wconf 81' lang='lat' dir='ltr'><strong>ee</strong></span> <span class='ocrx_word' id='word_1_198' title='bbox 595 3041 687 3124; x_wconf 85' lang='lat' dir='ltr'><strong>jure,</strong></span> <span class='ocrx_word' id='word_1_199' title='bbox 717 3044 832 3108; x_wconf 88' lang='lat' dir='ltr'><strong>deinde</strong></span> <span class='ocrx_word' id='word_1_200' title='bbox 851 3046 942 3110; x_wconf 84' lang='lat' dir='ltr'><strong>armis</strong></span> <span class='ocrx_word' id='word_1_201' title='bbox 963 3067 1111 3129; x_wconf 80' lang='lat' dir='ltr'><strong>quoque,</strong></span> <span class='ocrx_word' id='word_1_202' title='bbox 1132 3045 1160 3108; x_wconf 92' lang='lat' dir='ltr'><strong>si</strong></span> <span class='ocrx_word' id='word_1_203' title='bbox 1180 3067 1264 3124; x_wconf 86' lang='lat' dir='ltr'><strong>opus</strong></span> 
     </span>
     <span class='ocr_line' id='line_1_27' title="bbox 249 3142 1264 3231; baseline -0.004 -19"><span class='ocrx_word' id='word_1_204' title='bbox 249 3147 303 3222; x_wconf 84' lang='lat' dir='ltr'><strong>sit,</strong></span> <span class='ocrx_word' id='word_1_205' title='bbox 327 3164 564 3231; x_wconf 82' lang='lat' dir='ltr'><strong>persequemur.</strong></span> <span class='ocrx_word' id='word_1_206' title='bbox 602 3145 690 3220; x_wconf 88' lang='lat' dir='ltr'><strong>Vos,</strong></span> <span class='ocrx_word' id='word_1_207' title='bbox 724 3142 839 3228; x_wconf 84' lang='lat' dir='ltr'><strong>quibus</strong></span> <span class='ocrx_word' id='word_1_208' title='bbox 859 3147 956 3210; x_wconf 85' lang='lat' dir='ltr'><strong>vestri</strong></span> <span class='ocrx_word' id='word_1_209' title='bbox 974 3145 1040 3210; x_wconf 75' lang='lat' dir='ltr'><strong>cari</strong></span> <span class='ocrx_word' id='word_1_210' title='bbox 1058 3157 1131 3207; x_wconf 89' lang='lat' dir='ltr'><strong>sunt</strong></span> <span class='ocrx_word' id='word_1_211' title='bbox 1149 3145 1264 3223; x_wconf 74' lang='lat' dir='ltr'><strong>tiberi,</strong></span> 
     </span>
     <span class='ocr_line' id='line_1_28' title="bbox 248 3242 1264 3328; baseline -0.005 -16"><span class='ocrx_word' id='word_1_212' title='bbox 248 3245 348 3328; x_wconf 78' lang='lat' dir='ltr'><strong>hujus·</strong></span> <span class='ocrx_word' id='word_1_213' title='bbox 361 3243 550 3308; x_wconf 83' lang='lat' dir='ltr'><strong>miseremini</strong></span> <span class='ocrx_word' id='word_1_214' title='bbox 573 3244 674 3323; x_wconf 86' lang='lat' dir='ltr'><strong>senis,</strong></span> <span class='ocrx_word' id='word_1_215' title='bbox 701 3244 757 3327; x_wconf 89' lang='lat' dir='ltr'><strong>qui</strong></span> <span class='ocrx_word' id='word_1_216' title='bbox 777 3242 905 3320; x_wconf 74' lang='lat' dir='ltr'><strong>iratres,</strong></span> <span class='ocrx_word' id='word_1_217' title='bbox 941 3257 975 3308; x_wconf 87' lang='lat' dir='ltr'><strong>et</strong></span> <span class='ocrx_word' id='word_1_218' title='bbox 1003 3247 1108 3310; x_wconf 73' lang='lat' dir='ltr'><strong>affines</strong></span> <span class='ocrx_word' id='word_1_219' title='bbox 1139 3247 1264 3322; x_wconf 77' lang='lat' dir='ltr'><strong>emetis,</strong></span> 
     </span>
     <span class='ocr_line' id='line_1_29' title="bbox 249 3345 1265 3426; baseline -0.002 -16"><span class='ocrx_word' id='word_1_220' title='bbox 249 3349 328 3410; x_wconf 80' lang='lat' dir='ltr'><strong>hene</strong></span> <span class='ocrx_word' id='word_1_221' title='bbox 356 3367 397 3408; x_wconf 88' lang='lat' dir='ltr'><strong>ne</strong></span> <span class='ocrx_word' id='word_1_222' title='bbox 423 3345 558 3410; x_wconf 80' lang='lat' dir='ltr'><strong>deserite</strong></span> <span class='ocrx_word' id='word_1_223' title='bbox 584 3346 671 3410; x_wconf 90' lang='lat' dir='ltr'><strong>luctu</strong></span> <span class='ocrx_word' id='word_1_224' title='bbox 700 3365 737 3406; x_wconf 80' lang='lat' dir='ltr'><strong>ec</strong></span> <span class='ocrx_word' id='word_1_225' title='bbox 764 3365 900 3408; x_wconf 82' lang='lat' dir='ltr'><strong>moerore</strong></span> <span class='ocrx_word' id='word_1_226' title='bbox 925 3345 1132 3410; x_wconf 77' lang='lat' dir='ltr'><strong>deformatam</strong></span> <span class='ocrx_word' id='word_1_227' title='bbox 1149 3345 1265 3426; x_wconf 83' lang='lat' dir='ltr'><strong>juven·</strong></span> 
     </span>
     <span class='ocr_line' id='line_1_30' title="bbox 248 3445 1263 3528; baseline 0 -18"><span class='ocrx_word' id='word_1_228' title='bbox 248 3457 364 3524; x_wconf 85' lang='lat' dir='ltr'><strong>tutem,</strong></span> <span class='ocrx_word' id='word_1_229' title='bbox 402 3445 476 3508; x_wconf 87' lang='lat' dir='ltr'><strong>nihil</strong></span> <span class='ocrx_word' id='word_1_230' title='bbox 502 3447 596 3522; x_wconf 85' lang='lat' dir='ltr'><strong>novi,</strong></span> <span class='ocrx_word' id='word_1_231' title='bbox 631 3445 707 3508; x_wconf 90' lang='lat' dir='ltr'><strong>nihil</strong></span> <span class='ocrx_word' id='word_1_232' title='bbox 731 3445 874 3528; x_wconf 86' lang='lat' dir='ltr'><strong>iniquum</strong></span> <span class='ocrx_word' id='word_1_233' title='bbox 900 3449 1124 3525; x_wconf 81' lang='lat' dir='ltr'><strong>postulantem!</strong></span> <span class='ocrx_word' id='word_1_234' title='bbox 1157 3447 1263 3510; x_wconf 88' lang='lat' dir='ltr'><strong>Porro</strong></span> 
     </span>
     <span class='ocr_line' id='line_1_31' title="bbox 251 3545 1265 3629; baseline 0 -19"><span class='ocrx_word' id='word_1_235' title='bbox 251 3569 360 3610; x_wconf 88' lang='lat' dir='ltr'><strong>omnes</strong></span> <span class='ocrx_word' id='word_1_236' title='bbox 384 3545 436 3629; x_wconf 89' lang='lat' dir='ltr'><strong>pie</strong></span> <span class='ocrx_word' id='word_1_237' title='bbox 464 3546 557 3610; x_wconf 88' lang='lat' dir='ltr'><strong>istum</strong></span> <span class='ocrx_word' id='word_1_238' title='bbox 586 3545 705 3619; x_wconf 88' lang='lat' dir='ltr'><strong>odisse,</strong></span> <span class='ocrx_word' id='word_1_239' title='bbox 747 3556 843 3628; x_wconf 77' lang='lat' dir='ltr'><strong>atque</strong></span> <span class='ocrx_word' id='word_1_240' title='bbox 872 3545 987 3608; x_wconf 87' lang='lat' dir='ltr'><strong>eodem</strong></span> <span class='ocrx_word' id='word_1_241' title='bbox 1002 3549 1123 3612; x_wconf 77' lang='lat' dir='ltr'><strong>‚affectu</strong></span> <span class='ocrx_word' id='word_1_242' title='bbox 1150 3545 1265 3628; x_wconf 89' lang='lat' dir='ltr'><strong>punire</strong></span> 
     </span>
     <span class='ocr_line' id='line_1_32' title="bbox 248 3644 1265 3728; baseline -0.002 -16"><span class='ocrx_word' id='word_1_243' title='bbox 248 3651 415 3720; x_wconf 68' lang='lat' dir='ltr'><strong>coelestum</strong></span> <span class='ocrx_word' id='word_1_244' title='bbox 429 3647 553 3710; x_wconf 75' lang='lat' dir='ltr'><strong>lucinus</strong></span> <span class='ocrx_word' id='word_1_245' title='bbox 567 3644 707 3719; x_wconf 86' lang='lat' dir='ltr'><strong>debetis,</strong></span> <span class='ocrx_word' id='word_1_246' title='bbox 727 3664 799 3708; x_wconf 82' lang='lat' dir='ltr'><strong>cnm</strong></span> <span class='ocrx_word' id='word_1_247' title='bbox 818 3645 893 3728; x_wconf 85' lang='lat' dir='ltr'><strong>quia</strong></span> <span class='ocrx_word' id='word_1_248' title='bbox 911 3645 945 3708; x_wconf 88' lang='lat' dir='ltr'><strong>in</strong></span> <span class='ocrx_word' id='word_1_249' title='bbox 962 3647 1047 3710; x_wconf 89' lang='lat' dir='ltr'><strong>hune</strong></span> <span class='ocrx_word' id='word_1_250' title='bbox 1065 3669 1125 3712; x_wconf 88' lang='lat' dir='ltr'><strong>nos</strong></span> <span class='ocrx_word' id='word_1_251' title='bbox 1144 3649 1265 3710; x_wconf 89' lang='lat' dir='ltr'><strong>luetum</strong></span> 
     </span>
     <span class='ocr_line' id='line_1_33' title="bbox 250 3742 1264 3828; baseline 0 -18"><span class='ocrx_word' id='word_1_252' title='bbox 250 3746 404 3828; x_wconf 80' lang='lat' dir='ltr'><strong>conjecit,</strong></span> <span class='ocrx_word' id='word_1_253' title='bbox 438 3756 505 3808; x_wconf 86' lang='lat' dir='ltr'><strong>tum</strong></span> <span class='ocrx_word' id='word_1_254' title='bbox 531 3763 629 3818; x_wconf 88' lang='lat' dir='ltr'><strong>vero,</strong></span> <span class='ocrx_word' id='word_1_255' title='bbox 659 3742 734 3828; x_wconf 86' lang='lat' dir='ltr'><strong>quie</strong></span> <span class='ocrx_word' id='word_1_256' title='bbox 757 3744 785 3810; x_wconf 90' lang='lat' dir='ltr'><strong>si</strong></span> <span class='ocrx_word' id='word_1_257' title='bbox 801 3745 932 3826; x_wconf 87' lang='lat' dir='ltr'><strong>impune</strong></span> <span class='ocrx_word' id='word_1_258' title='bbox 956 3748 1098 3824; x_wconf 78' lang='lat' dir='ltr'><strong>cesserit,</strong></span> <span class='ocrx_word' id='word_1_259' title='bbox 1132 3746 1264 3810; x_wconf 84' lang='lat' dir='ltr'><strong>ulterius</strong></span> 
     </span>
    </p>
   </div>
   <div class='ocr_carea' id='block_1_3' title="bbox 287 3974 1265 4124">
    <p class='ocr_par' dir='ltr' id='par_1_3' title="bbox 287 3974 1265 4124">
     <span class='ocr_line' id='line_1_34' title="bbox 287 3974 1265 4045; baseline 0.004 -16"><span class='ocrx_word' id='word_1_260' title='bbox 287 3974 318 4044; x_wconf 69' lang='lat'><strong>⁴)</strong></span> <span class='ocrx_word' id='word_1_261' title='bbox 336 3997 393 4030; x_wconf 79' lang='lat' dir='ltr'><strong>suos</strong></span> <span class='ocrx_word' id='word_1_262' title='bbox 412 3983 496 4030; x_wconf 70' lang='lat' dir='ltr'><strong>notis.</strong></span> <span class='ocrx_word' id='word_1_263' title='bbox 525 3981 651 4030; x_wconf 77' lang='lat' dir='ltr'><strong>Helvetios</strong></span> <span class='ocrx_word' id='word_1_264' title='bbox 667 3983 742 4030; x_wconf 81' lang='lat' dir='ltr'><strong>uotis.</strong></span> <span class='ocrx_word' id='word_1_265' title='bbox 791 3987 833 4040; x_wconf 78' lang='lat' dir='ltr'><strong>t¹⁸)</strong></span> <span class='ocrx_word' id='word_1_266' title='bbox 850 3982 920 4042; x_wconf 65' lang='lat' dir='ltr'><strong>Fer,</strong></span> <span class='ocrx_word' id='word_1_267' title='bbox 949 3986 1003 4033; x_wconf 81' lang='lat' dir='ltr'><strong>lior.</strong></span> <span class='ocrx_word' id='word_1_268' title='bbox 1049 3977 1112 4045; x_wconf 67' lang='lat' dir='ltr'><strong>ll⁸)</strong></span> <span class='ocrx_word' id='word_1_269' title='bbox 1131 3987 1265 4042; x_wconf 63' lang='lat' dir='ltr'><strong>Sulcensi</strong></span> 
     </span>
     <span class='ocr_line' id='line_1_35' title="bbox 287 4057 882 4124; baseline 0.003 -10"><span class='ocrx_word' id='word_1_270' title='bbox 287 4067 412 4114; x_wconf 72' lang='lat' dir='ltr'><strong>Helvetiis.</strong></span> <span class='ocrx_word' id='word_1_271' title='bbox 449 4057 527 4124; x_wconf 61' lang='lat' dir='ltr'><strong>lm)</strong></span> <span class='ocrx_word' id='word_1_272' title='bbox 547 4071 737 4124; x_wconf 60' lang='lat' dir='ltr'><strong>relinquamus,</strong></span> <span class='ocrx_word' id='word_1_273' title='bbox 757 4070 882 4118; x_wconf 79' lang='lat' dir='ltr'><strong>deleamus.</strong></span> 
     </span>
    </p>
   </div>
   <div class='ocr_carea' id='block_1_4' title="bbox 0 0 1414 4722">
    <p class='ocr_par' dir='ltr' id='par_1_4' title="bbox 0 0 1414 4722">
     <span class='ocr_line' id='line_1_36' title="bbox 0 0 1414 4722; baseline 0 0"><span class='ocrx_word' id='word_1_274' title='bbox 0 0 1414 4722; x_wconf 95' lang='lat' dir='ltr'><strong> </strong></span> 
     </span>
    </p>
   </div>
  </div>
 </body>
</html>
