2624 5108
564 754 740 855 Epistola,
1096 765 1167 837 533

147 951 260 1016 astutia
279 948 396 1032 possit,
415 947 489 1011 duci
509 966 546 1010 ae
564 946 676 1029 perimi
694 968 761 1011 non
779 948 912 1030 petiisti,
932 969 992 1012 neo
1010 952 1044 1014 in
1064 961 1167 1018 totum
1246 934 1249 941 ’

146 1051 247 1115 everti
266 1048 410 1112 sustinet.
448 1048 590 1111 Proinde
620 1047 732 1131 aliquis
752 1047 845 1111 nobis
871 1052 955 1113 ultro
982 1051 1092 1127 detur,
1124 1072 1166 1115 no

147 1151 252 1215 omnia
270 1149 330 1232 ipsi
354 1169 560 1229 usurpemus,
593 1149 687 1211 acab
706 1148 811 1211 invitis
830 1149 1010 1228 eripiamus.
1047 1155 1165 1233 Quam-

146 1272 240 1337 quam
259 1248 389 1313 omuino
409 1249 568 1312 modicum
594 1259 656 1323 est,
683 1247 773 1333 quod
792 1247 867 1312 mihi
886 1251 1036 1330 desumo,
1067 1264 1104 1317 ut
1121 1273 1163 1317 ex

145 1350 231 1435 justo
251 1352 382 1426 dolore,
408 1348 526 1434 aliquid
545 1347 664 1419 doloris
684 1349 809 1431 sigrium
827 1344 938 1427 edam',
969 1362 1005 1414 ut
1023 1371 1163 1418 eommu-

145 1474 218 1517 nem
243 1453 348 1532 patriae
377 1449 593 1525 acerbitatem,
630 1471 694 1512 una
719 1471 801 1514 vore
826 1461 859 1514 et
883 1453 1025 1517 modesta
1049 1454 1099 1518 itta
1126 1476 1165 1519 ao

144 1554 283 1639 ingenua
309 1551 495 1633 significem.
538 1551 607 1612 Jam
632 1553 695 1612 hoc
721 1563 872 1633 quantum
891 1563 954 1630 est,
983 1556 1071 1638 quod
1090 1577 1163 1620 oum

144 1663 299 1718 Maximo
317 1661 421 1715 Leone
440 1649 515 1713 mihi
528 1649 694 1724 convenit,
717 1650 805 1734 quod
818 1662 853 1714 ut
870 1651 921 1716 iile
937 1654 1059 1720 Tutcas
1076 1657 1161 1720 bello

142 1754 316 1838 petendos,
350 1771 386 1815 ae
413 1750 509 1815 rebus
535 1748 720 1815 Christianis
740 1752 898 1832 suppetias
924 1754 1073 1820 serendas
1090 1778 1161 1821 sua-

143 1853 235 1919 deo?
276 1855 365 1915 Bene
395 1851 508 1927 habet,
545 1850 680 1914 liberum
708 1848 783 1914 mihi
811 1862 860 1915 est
885 1853 992 1938 loqui,
1026 1852 1161 1922 tiberim

143 1952 256 2028 edere,
289 1953 341 2014 vel
366 1962 452 2014 tauto
484 1961 619 2032 patrono
645 1938 769 2017 eausam
795 1963 913 2016 tuente.
957 1956 1160 2039 Quapropter

142 2052 377 2119 confidendum.
427 2050 514 2127 Vos,
550 2050 667 2135 quibus
692 2052 797 2136 patrie
821 2046 971 2116 libertatis
994 2074 1071 2117 eura
1088 2069 1156 2136 est,

140 2155 199 2241 qui
226 2151 543 2237 Germanumpdeeru
574 2150 759 2236 agnoscitis,
800 2152 856 2238 qui
883 2153 1026 2215 nondum
1055 2158 1160 2219 omnia

142 2253 357 2335 superstitioni
386 2246 542 2328 tribuitis,
589 2252 702 2337 legite,
745 2273 782 2316 ae
817 2250 927 2315 similia
958 2248 1089 2330 audete,
1125 2267 1159 2317 et

142 2355 262 2419 rueret
297 2353 337 2419 lu
355 2372 427 2420 arce
446 2352 624 2420 Hutteuica.
660 2352 711 2420 Μ.
729 2354 772 2421 nt
791 2348 917 2420 XVIII·
