2624 5108
155 878 222 951 156
392 874 435 946 In
459 872 645 947 Ulrichum
668 869 920 969 Wirtenberg.

152 1069 281 1143 urbem,
308 1067 367 1143 eit,
394 1086 468 1129 oum
499 1062 624 1149 inimsu
647 1084 720 1127 meo
743 1072 932 1146 sequeretur
958 1060 1030 1153 itte,
1057 1084 1170 1147 omnes

152 1192 242 1233 meos
264 1168 418 1253 ablegari.
461 1166 535 1250 lpse
554 1186 736 1251 quanqrmm
753 1184 812 1227 sus
828 1175 904 1227 tunc
920 1163 1019 1227 lorice
1041 1162 1173 1241 indutus

152 1292 220 1333 non
234 1278 333 1344 esset,
366 1268 443 1331 nihil
464 1280 569 1331 temen
590 1256 682 1349 pe'pis
703 1285 741 1327 ac
759 1286 842 1349 ego,
871 1275 1007 1329 amatus
1022 1256 1113 1329 toits
1132 1302 1172 1319 .-

152 1370 319 1446 Mentiris,
347 1368 483 1431 nebulo!
522 1369 603 1429 Nem
618 1366 769 1451 etquo‘d
793 1366 898 1427 tectim
917 1363 1009 1427 exire
1030 1362 1169 1449 jussisti,

152 1471 294 1535 nuditum
310 1481 374 1546 est,
402 1480 434 1529 et
451 1467 652 1533 interiectum
664 1478 777 1548 postea
791 1466 913 1529 nudum
928 1460 1077 1547 penittrs',¹
1102 1478 1176 1533 cuni

153 1571 259 1655 ngdio
287 1568 510 1643 breviuscrdo,
551 1552 620 1631 iton
641 1570 772 1651 qnniem
803 1566 927 1653 equites
952 1580 1091 1651 genunt,
1126 1570 1174 1633 tui

152 1671 302 1746 comites,
332 1690 369 1731 ec
391 1668 658 1747 iste-sturmini
683 1670 846 1751 princeps,
875 1670 1077 1737 invenenms.
1117 1672 1175 1733 ‚Te

152 1792 241 1837 vcro·
251 1772 398 1853 opposite
411 1774 452 1835 ad
468 1772 585 1835 coelem
596 1771 806 1845 instructum,
826 1770 977 1833 omnibus
986 1780 1173 1849 pecussum

153 1884 213 1937 est.
264 1874 438 1956 Responde
464 1866 569 1937 autem
597 1870 858 1955 cogitationibus*
876 1856 1061 1969 bonimius,
1102 1890 1173 1933 non

152 1974 350 2037 credentium
371 1974 416 2037 ita
439 1974 555 2053 ou'pide
579 1974 661 2037 mori
682 1984 890 2061 quemquem,
916 1982 951 2033 ut
970 1992 1044 2035 eum
1066 1992 1173 2055 s··quo

152 2073 414 2155 sibi-pericnlum
442 2074 554 2137 mortis
572 2075 628 2149 sit,
666 2084 715 2135 tot
737 2072 996 2137 modintaeesrat
1021 2072 1174 2154 primum,

152 2174 269 2239 deiude
299 2196 366 2237 non
387 2185 516 2237 coactus
543 2186 697 2245 armatum
723 2173 851 2237 inermis
871 2160 1028 2257 'tepeant
1059 2172 1173 2248 etiem,

153 2275 252 2359 idque
267 2276 429 2339 bominem
441 2284 622 2354 potentem,
642 2280 675 2335 et
692 2273 746 2336 cui
761 2273 909 2339 resistere
923 2273 1051 2353 minime
1062 2275 1174 2362 possit.

154 2377 330 2456 Responde
344 2374 392 2453 Ἴ,
413 2374 485 2457 ajo,
506 2397 570 2459 qua
581 2396 638 2457 spe
652 2387 780 2439 secutus
794 2388 826 2439 te
838 2377 911 2439 est?
929 2376 983 2439 An
999 2370 1035 2439 ui
1048 2376 1173 2440 veniam

153 2475 360 2557 inpetraret?
394 2479 440 2541 At
462 2489 493 2539 te
512 2498 586 2541 eum
606 2476 833 2558 contempsisse
851 2486 886 2540 tu
908 2478 1026 2551 reiers,
1053 2488 1175 2539 tonitium

154 2579 244 2641 obest
261 2591 297 2641 ut
315 2578 439 2659 precari
459 2578 606 2644 voluerit.
649 2580 703 2642 An
722 2589 759 2640 ut
777 2590 884 2641 tecum
898 2576 1174 2661 congrederetur?

153 2679 199 2744 At
218 2702 275 2743 sua
294 2681 346 2741 itta
370 2680 499 2742 indutus
521 2677 668 2741 nonfuit
691 2678 798 2740 lorice.
819 2716 857 2735 -
876 2680 940 2740 Vel
962 2682 1045 2741 mo'ri
1063 2678 1174 2740 decre·

153 2790 261 2854 verat,
288 2779 389 2859 turpis
414 2779 486 2839 vitre
507 2778 627 2839 taedio?
645 2815 684 2833 ·-
702 2780 746 2841 At
772 2781 834 2841 boc
854 2798 920 2839 non
943 2778 1069 2842 ferebat
1089 2776 1173 2840 iltius

153 2879 321 2961 superbia,
347 2890 378 2939 et
394 2873 577 2952 insolentie,
603 2899 663 2939 nec
683 2900 754 2941 oum
773 2880 831 2941 bac
839 2879 1088 2960 desperatione,
1106 2880 1174 2953 ills,

154 2968 250 3061 querit
275 2975 389 3057 objicis
415 2976 585 3056 pendentis
610 2977 771 3041 cormenit.
824 2979 889 3041 Sed
917 2979 997 3061 quid
1023 2978 1118 3059 post?
1135 3016 1175 3031 -

157 3076 258 3150 ,Cum
287 3076 321 3139 in
350 3078 508 3159 quemdem
540 3079 658 3156 sylvam
690 3076 861 3154 venissem,
905 3099 1073 3163 aggressis
1105 3100 1177 3143 sum

154 3175 270 3261 punire
281 3179 494 3241 sceteranmr‘
503 3216 541 3229 -
551 3176 638 3239 Scire
652 3177 748 3259 igitur
762 3180 858 3254 volo,
879 3178 935 3262 qni
950 3179 996 3242 sic
1007 3180 1175 3245 rnmrifeste

155 3279 348 3361 perpetravit
367 3277 570 3351 maleficium,
597 3290 628 3341 et
653 3279 762 3361 quiin
783 3290 813 3340 te
832 3281 974 3361 perfidus
993 3279 1073 3356 tuit,
1102 3302 1176 3362 per·

153 3378 263 3461 iuriis,
275 3378 455 3456 insidiator,
475 3398 512 3437 ne
524 3377 686 3456 proditor,
706 3376 808 3441 curin
821 3382 923 3458 sylva,
935 3382 1008 3443 loco
1021 3380 1176 3455 obscuro,

154 3490 187 3543 et
214 3478 343 3541 remotis
370 3477 494 3541 arbitris
521 3478 676 3559 supplicio
701 3480 779 3549 effici
809 3478 973 3551 debuerit,
1005 3490 1038 3541 et
1064 3479 1120 3541 abs
1144 3491 1177 3543 tc

155 3576 324 3641 debuerit?
362 3576 460 3658 Quasi
479 3588 532 3641 out
550 3576 677 3641 lictores
698 3578 749 3655 **)
775 3578 1019 3655 tibtdeessent,
1050 3590 1105 3643 sut
1125 3580 1178 3645 itta

154 3677 219 3759 jam
246 3688 383 3741 cessaret
411 3678 637 3743 interficiendis
663 3678 723 3741 tuis
742 3679 867 3743 civibus
886 3680 1028 3743 institute
1051 3682 1178 3745 cerniti-

155 3778 235 3845 cine.
272 3780 317 3843 At
330 3780 494 3863 quomodo
507 3778 637 3842 affecisti
648 3778 830 3859 supplicio?
840 3820 879 3833 -
890 3782 1039 3857 ,Monui,
1059 3782 1174 3865 inquit,

154 3900 188 3943 se
208 3878 412 3954 detenderet,
439 3891 472 3943 et
483 3882 777 3962 opprobratuculpn
789 3902 959 3963 aggressus
975 3904 1044 3945 sum
1060 3882 1177 3961 punire

153 3980 195 4043 ad
204 3962 339 4045 ibrmam
358 3978 469 4059 judieii
485 3979 519 4041 in
537 3980 718 4060 Vestphelia
736 3980 936 4045 Scientium.“
952 4018 984 4029 -
1000 3981 1064 4047 Ubi
1082 3984 1176 4060 mibi,

152 4081 312 4161 responde
332 4079 464 4155 iterum,
485 4080 563 4161 quid
583 4100 714 4145 monere
734 4082 893 4163 oportuit,
912 4095 948 4146 ut
965 4104 1001 4147 se
1019 4082 1176 4149 defende·

152 4192 219 4257 ret,
245 4201 319 4243 eum
338 4200 436 4264 quem
453 4178 542 4259 jure,
576 4192 608 4241 et
632 4185 675 4246 ob
697 4182 845 4245 delictum
863 4182 1045 4247 interimere
1065 4182 1175 4247 licuit?

152 4281 218 4345 Aut
228 4282 394 4364 quomodo
407 4302 449 4343 ex
460 4279 615 4361 supplicio
627 4302 781 4366 pugnem,
802 4302 845 4345 er
857 4304 966 4367 pugne
983 4283 1174 4367 supplicium

189 4510 217 4571 *)
237 4523 376 4575 ttesnnrrdae,
393 4521 518 4577 responde.
556 4510 603 4575 ⁸⁸)
622 4524 739 4577 ttrtom,
760 4522 892 4569 remittere.
