2624 5108
523 78 528 95 l

522 106 525 115 ι

519 128 523 143 Ι

328 30 1224 409 m

609 446 615 459 ι

151 833 221 903 650
593 819 720 901 Oratio

152 1014 365 1096 conjungere,
379 1016 473 1078 immo
486 1012 602 1078 relictis
615 1010 728 1085 sacrm,
741 1010 844 1072 solum
862 1006 997 1099 prolana
1009 1004 1169 1076 admirari,

152 1136 246 1198 qnam
263 1115 344 1176 bene
362 1114 539 1177 corrmltum
556 1111 652 1173 luerit
666 1106 844 1188 reipublicae
854 1104 1052 1178 Christianae,
1072 1122 1170 1188 quam

150 1211 403 1294 beneplacuerit
422 1210 544 1292 superis
565 1210 706 1290 ipsorum
723 1207 911 1280 nstitutum,
932 1216 1064 1268 eventus
1080 1223 1170 1266 com·

151 1308 306 1397 probavits
344 1312 475 1376 Amissis
495 1309 654 1384 externis,
674 1307 796 1371 urterua
813 1305 942 1369 infinitis
960 1300 1170 1367 seditionibus

151 1416 390 1479 continuantur.
436 1410 553 1475 Divina
577 1406 812 1487 despiciuntur,
845 1405 990 1467 venditur
1011 1403 1170 1478 Christus,

151 1516 220 1579 lana
233 1514 342 1575 ovium
352 1513 516 1583 tondetur,
533 1505 574 1571 de
589 1507 731 1570 custodia
741 1506 879 1570 studium
893 1503 1020 1568 nullum.
1048 1501 1168 1566 Omitto

151 1615 201 1676 hic
220 1611 418 1694 Hispaniam,
447 1607 578 1681 Gallias,
600 1606 755 1669 orientem
775 1608 846 1668 cnm
867 1606 1048 1678 occidente,
1069 1624 1168 1686 quan·

152 1724 218 1775 tuni
244 1732 303 1791 pro
331 1707 446 1789 palliis,
479 1706 696 1790 similibusque
720 1706 893 1789 figmentis,
926 1714 1013 1767 aetate
1032 1700 1169 1768 abrorum

151 1811 327 1892 principum
351 1806 505 1871 Friderici
531 1818 563 1869 et
590 1802 816 1881 illeximiliani,
860 1825 923 1867 una
950 1800 1060 1866 effudit
1086 1803 1172 1865 Ger·

151 1911 262 1973 matria.
295 1908 328 1970 Si
340 1908 458 1981 Roma,
473 1917 507 1968 ut
524 1905 701 1969 institutum
716 1906 778 1981 est,
799 1904 832 1967 in
852 1907 962 1967 liscum
978 1900 1171 1984 collegisset,

152 2009 201 2068 vel
214 2038 218 2045 ·
232 2004 397 2070 Gernrania
429 2005 546 2081 (veluti
576 2026 632 2086 par
662 2005 747 2079 eret)
776 2005 808 2068 in
842 2024 940 2067 unum
973 1997 1170 2079 contulisset,

150 2107 335 2171 haberemus
370 2103 432 2184 jam
465 2122 582 2168 nervos
611 2103 792 2185 reipublice·
823 2100 947 2166 abunde
981 2103 1171 2167 sufficientes

149 2205 233 2269 bello
248 2204 399 2267 Asiatico.
436 2205 596 2285 Necopus
616 2205 702 2266 loret
721 2204 831 2267 orbem
850 2201 911 2284 jam
929 2202 1062 2285 fatigare
1075 2203 1171 2268 Chri·

149 2303 301 2380 stianum,
322 2316 354 2367 et
368 2304 460 2368 novis
474 2324 607 2367 onerare
620 2307 680 2382 (ne
693 2304 794 2367 dicam
805 2304 1012 2378 exenterare)
1024 2303 1172 2386 quotidie

147 2404 290 2479 tributis,
310 2415 340 2466 et
355 2404 519 2471 excoriare
537 2425 701 2486 pauperes.
731 2403 884 2466 Provenit
895 2402 1042 2465 Pontifici
1058 2425 1100 2466 en
1113 2425 1173 2468 sne

64 2518 68 2523 ·
147 2514 232 2564 terra
251 2503 402 2586 vectigal,
436 2516 586 2586 qnantum
608 2500 682 2565 nulli
706 2524 817 2585 rogum
840 2487 1111 2578 Christianorum,
1140 2514 1173 2565 et

147 2614 250 2666 tannen
264 2604 354 2686 pallia
369 2604 515 2678 emimus,
530 2615 675 2666 ettamen
687 2603 791 2666 asinos
805 2624 881 2665 auro
896 2601 1172 2667 onustosRomam

148 2702 313 2777 mittimus;
333 2703 470 2783 patibula
489 2702 603 2767 Christi
618 2704 784 2785 erigimus,
804 2723 933 2764 munera
946 2701 1171 2783 promittimus,

149 2822 259 2864 aunem
281 2823 341 2882 pro
363 2802 492 2883 plumbo
515 2814 687 2876 mittamus,
721 2802 925 2885 negligentias
960 2804 1042 2878 (heu
1065 2805 1173 2882 lapsus

149 2923 218 2962 sum
246 2904 383 2975 calamo)
410 2903 616 2985 indulgentias
645 2905 758 2984 passim
791 2903 989 2965 arlmiltimus.
1041 2904 1071 2966 Ο
1099 2925 1172 2965 ara·

148 3000 249 3062 titiam
263 3002 444 3065 immensam
459 3014 616 3065 carentem
628 3004 729 3066 lurido
739 3024 872 3077 ,canum
887 3002 1169 3083 impurissimorum

149 3101 355 3165 nescientium
368 3100 577 3175 saturitatem,
592 3114 626 3164 ut
640 3116 688 3166 est
702 3104 785 3181 apud
797 3103 985 3182 Prophetam
994 3102 1171 3166 Danielem.

149 3198 246 3263 Certe
276 3221 381 3264 emere
405 3203 495 3282 pallia
517 3213 657 3265 sanctum
681 3202 784 3276 (luco,
812 3203 909 3263 modo
933 3197 966 3264 id
994 3203 1099 3282 prosit
1118 3212 1174 3266 aut

148 3299 272 3379 pietati,
288 3312 343 3363 aut
355 3304 455 3365 valeat
472 3303 511 3364 ad
526 3303 771 3364 conservandam
783 3321 981 3363 communem
993 3302 1174 3366 utilitatem.

148 3398 211 3460 Sed
240 3420 312 3463 curn
339 3413 499 3481 utrunque
530 3401 642 3461 horum
674 3412 720 3460 tnt
752 3403 937 3463 saeculorum
971 3402 1174 3483 experientia

145 3496 278 3572 refutet,
308 3509 339 3560 et
356 3499 447 3577 pallia
464 3509 583 3560 tanturn
603 3498 779 3562 exstiterint
802 3500 941 3562 simulata
959 3500 1176 3567 instrumenta

144 3594 360 3679 perditissimae
377 3594 533 3671 avaritiae,
565 3609 674 3681 surgat
695 3599 758 3678 jam
778 3598 909 3682 alirpris,
939 3612 1034 3682 atque
1054 3599 1175 3682 justam

144 3712 270 3755 cansam
285 3689 379 3754 dandi
396 3693 537 3774 proferat
555 3696 588 3759 in
604 3696 752 3761 medium.
800 3699 864 3779 (lui
880 3696 985 3762 timeat
1001 3702 1175 3765 Pontil'rcis

142 3791 281 3867 tumen,
316 3792 436 3873 probus
461 3795 640 3878 Episcopus
669 3797 797 3881 aliquis,
832 3799 1003 3862 concordia
1020 3802 1173 3877 fratrum,

142 3909 287 3973 puraque
302 3893 494 3961 conscientie
511 3899 647 3972 electus,
667 3899 723 3960 sed
738 3919 907 3978 respuens,
928 3900 1033 3963 multis
1055 3902 1175 3967 modiis

143 4007 310 4053 aureorum
329 4011 435 4057 emere
454 3996 632 4059 Romanum
651 3997 839 4061 centonem?
868 3999 941 4084 Non
961 3998 1061 4062 laoict
1080 4016 1177 4085 puto.

143 4089 217 4151 Non
242 4092 354 4173 probat
380 4093 496 4157 Paulus
523 4097 715 4174 Apostolus,
747 4096 804 4179 qui
829 4119 886 4159 nos
905 4101 1082 4177 devorant,
1119 4105 1180 4189 qui

144 4186 305 4254 infaciem
321 4194 461 4267 caedunt,
483 4194 539 4275 qui
556 4215 613 4257 nos
632 4193 664 4257 in
678 4196 860 4262 servitutem
875 4200 1036 4282 redigunt.
1060 4206 1181 4286 Qrian·

142 4288 317 4370 dnqnidem
333 4310 399 4352 non
418 4290 625 4357 Christianam
643 4296 838 4372 charitatem,
858 4300 915 4361 sed
933 4320 1056 4363 meram
1074 4304 1182 4371 titan.

145 4385 248 4457 uidem
262 4387 304 4451 illi
315 4411 422 4470 prose
439 4388 566 4468 lerunt,
586 4390 764 4459 forisfacto
781 4397 856 4458 luco
867 4398 900 4460 in
913 4398 1182 4480 pellibnsoeium
