2624 5108
140 865 213 943 Albo
440 863 640 965 Pssquillus
661 866 861 947 Marrsnus

139 1242 287 1321 Publius
328 1239 644 1345 Schnarregallus‚
693 1242 875 1319 Maironls
908 1240 1170 1341 imperatoris,

215 1357 345 1431 summi
390 1359 577 1433 Pontificis
617 1358 886 1446 cancellarius,
953 1357 1170 1429 reverendo

214 1470 339 1561 fratri,
372 1471 411 1542 P.
433 1472 634 1571 Augustino
659 1472 871 1546 Alveldiano
896 1471 1169 1561 Franciscano,

213 1584 394 1682 regularis
427 1586 675 1660 obseruantiae
708 1586 741 1658 S.
768 1586 918 1677 Crucis,
955 1584 1051 1658 sacri
1081 1585 1170 1656 Bib-

214 1696 347 1772 liorum
372 1697 541 1791 canonis,
566 1699 801 1773 miseratione
831 1698 954 1772 divina
990 1711 1027 1771 et
1064 1711 1170 1771 auto·

214 1810 323 1889 ritate
376 1814 580 1908 apostolica
625 1812 800 1905 Lectori,
855 1825 894 1885 et
938 1811 975 1884 in
1018 1812 1170 1885 summis

216 1924 473 1999 festivitatibus
508 1928 823 2027 Viceguardiano‚
863 1924 1005 1998 habitus
1038 1926 1168 1999 Cardi-

213 2039 355 2122 nalatus
381 2041 413 2113 S.
440 2040 662 2138 Hieronymi
682 2041 869 2117 defensori
895 2039 1169 2137 imperterrito,

215 2166 255 2225 et
294 2151 331 2226 in
373 2155 491 2228 Coene
535 2155 686 2231 Domini
730 2154 882 2236 Oratori
927 2153 974 2226 de
1009 2153 1171 2249 synaxi,

214 2266 443 2351 Romanistae
482 2269 761 2359 romanissimo,
810 2269 946 2351 bonam
982 2278 1170 2359 mentem,

217 2394 256 2455 et
283 2382 481 2457 duodecim
514 2382 694 2465 Chiliades
735 2383 957 2463 talentorum
990 2381 1171 2459 hellebori

216 2504 376 2593 exoptat.

567 2709 753 2728 m

143 2839 331 2936 Miraberis
351 2870 486 2933 fortasse
508 2869 756 2943 alveldialissitne
774 2871 921 2947 Alvsldh
958 2890 1016 2934 cur
1035 2890 1170 2953 syngra-

142 2974 206 3057 pbe
234 2971 291 3033 tibi
316 2969 492 3053 imperator
518 2991 657 3043 summus
683 2971 835 3033 Pontifex
860 2993 927 3037 non
952 2969 1170 3050 rescripserit,

144 3093 209 3156 qus
232 3070 420 3155 jampridem
452 3071 484 3135 S.
517 3070 681 3134 Michaelis
710 3070 816 3134 literar
846 3092 917 3134 esse
943 3069 1077 3151 scriptas
1107 3081 1170 3133 tuss

143 3170 254 3238 farine
268 3171 445 3236 fraterculis
464 3170 736 3253 persuasissimum
758 3183 822 3246 est;
849 3193 928 3254 quas
947 3168 1089 3259 deniqne
1108 3190 1171 3252 pro

144 3277 282 3340 amuleto
305 3276 388 3341 collo
411 3294 578 3353 suspensas
602 3283 713 3346 contra
730 3269 996 3345 Martinianum,
1025 3292 1093 3334 non
1117 3271 1172 3333 tul·

143 3376 275 3442 modum
286 3375 397 3440 efficax
414 3372 551 3437 habuisti
560 3371 750 3452 presidium.
778 3372 913 3447 Desines
929 3383 1032 3436 tamon
1045 3370 1172 3449 miram,

145 3474 338 3548 uicturam,
378 3492 436 3534 cur
460 3471 581 3545 lectum
603 3472 643 3534 sit
667 3472 793 3554 penitus
817 3473 978 3556 cognoris,
1027 3472 1171 3535 Primum

144 3574 254 3661 itaque
286 3572 382 3647 scias,
422 3583 590 3655 postquam
631 3572 805 3655 imperator
839 3593 979 3648 summus
1015 3571 1170 3643 Pontifex

144 3671 233 3738 humi
256 3672 405 3754 prostrati
422 3673 542 3745 latriam
564 3686 596 3735 et
613 3685 777 3745 tractatum
796 3675 983 3757 recepisset,
1005 3674 1171 3747 decretum

145 3786 212 3839 erat
243 3785 303 3842 tute
334 3775 557 3850 Alvcltlialitsti
585 3775 688 3844 aureis
720 3797 790 3839 esse
821 3774 1024 3842 scribentium
1051 3772 1170 3846 literis;

124 3890 127 3897 '
145 3876 221 3944 nillil
237 3875 321 3949 euim
345 3878 431 3959 sputi
448 3889 576 3941 nostros
599 3875 659 3940 nisi
685 3876 789 3940 aurcis
815 3877 964 3958 cuiquam
984 3874 1172 3936 rescribitur

145 3977 254 4044 literis.
302 3976 339 4039 ld
360 3978 416 4040 ubi
437 3977 547 4042 neseio
570 3978 640 4060 quis
657 3977 824 4059 Coryceus
841 3979 880 4042 ad
898 3977 1008 4039 divum
1025 3975 1172 4037 Francis·

145 4098 219 4143 eum
240 4077 420 4153 detulisset,
458 4077 566 4141 subito
590 4077 694 4141 etlicto
721 4077 821 4153 cavit,
860 4089 954 4163 atque
983 4074 1173 4158 Imperatori

145 4200 269 4244 summo
295 4176 463 4252 Pontifici,
490 4188 557 4243 tunt
581 4179 725 4270 omnibus
747 4178 965 4245 interminatus
986 4189 1034 4243 est
1058 4175 1173 4240 Cardi-

146 4279 291 4356 nttllbus,
312 4277 589 4359 Arcbiepiscopis,
618 4278 800 4361 Episcopis‚
822 4279 1017 4351 Abbatibus‚
1040 4278 1173 4359 Praepo-

25 4426 31 4437 .
146 4377 231 4454 sitis,
263 4378 522 4452 Archidiuconis,
556 4379 711 4454 Decanis,
745 4378 912 4454 Plebanis‚
944 4377 1106 4455 Vicat-iis,
1142 4390 1176 4440 et

147 4478 368 4558 Moussteriis,
388 4489 421 4542 et
436 4477 594 4549 universis
611 4492 643 4551 et
659 4478 790 4564 singulis
808 4479 964 4557 Notariis,
984 4479 1054 4547 sivo
1072 4492 1176 4558 rote,
