2810 4722
270 433 335 504 132
501 427 543 500 In
567 425 751 499 Uluiehum
775 421 1024 526 Wirtenberg.

265 621 469 701 perversitas,
499 619 563 682 imo
581 619 747 702 probatum
761 621 883 694 scetus,
904 621 970 682 aliis
990 619 1077 703 quod
1090 619 1272 692 imitentur,

265 726 442 808 exemplum
459 721 540 784 erit?
559 722 725 800 pessimum
743 742 901 804 quemque
919 722 958 782 ad
974 720 1084 782 similia
1095 717 1272 782 enitendum

265 821 428 885 incitabit?
445 822 589 903 publicos
606 843 710 885 mores
727 822 877 896 invertet,
897 832 929 895 te
947 819 1120 897 calumnie,
1142 820 1269 882 Germa·

263 927 346 987 niam
368 922 518 986 dedecori
527 923 700 1000 exponet?
730 924 771 983 Et
791 943 884 1004 quem
902 940 967 983 non
987 941 1136 1002 perverse
1161 920 1271 1004 aliquit

263 1025 422 1098 defendit,
440 1023 496 1084 sed
509 1041 603 1102 quem
616 1043 709 1086 nemo
727 1023 855 1085 onmino
871 1023 1043 1084 defendere
1057 1032 1109 1084 ant
1122 1021 1272 1103 cogitavit

263 1143 421 1206 iniquam,
453 1132 506 1183 ant
527 1122 648 1202 potuit,
675 1122 824 1185 adversus
842 1143 915 1184 eum
932 1121 1006 1184 nihii
1022 1123 1148 1202 publice
1163 1123 1272 1184 decer·

263 1221 378 1284 notin?
410 1221 485 1283 nihil
511 1221 797 1302 pronunciabitur‘?
840 1223 890 1284 Ah
914 1221 979 1284 noli
1006 1221 1116 1285 abs-te
1143 1222 1271 1297 diduci,

263 1321 390 1385 Caesar!
428 1321 501 1382 Noli
526 1332 586 1382 tua
613 1322 762 1404 aequitatis
789 1320 947 1384 oblivisci!
985 1323 1140 1384 Miserere
1174 1320 1269 1400 hujus

262 1422 374 1502 patris,
404 1423 462 1484 bos
480 1424 602 1500 respice
618 1423 761 1502 lugentes
779 1421 955 1502 interempti
973 1421 1102 1484 fratres!
1132 1420 1269 1501 Cogita,

262 1521 338 1603 quid
349 1522 382 1582 in
393 1531 476 1582 tuam
494 1520 551 1582 iste
570 1531 695 1599 neptem
710 1521 917 1583 commiserit!
938 1523 1067 1584 Revoca
1079 1521 1112 1582 in
1121 1521 1269 1596 animum,

247 1617 355 1705 'quam
370 1620 500 1694 misere,
520 1641 613 1702 quam
632 1615 802 1684 crudeliter
819 1621 1106 1684 imiocentissimum
1121 1619 1271 1701 juvenem

258 1720 478 1794 trucidaverit,
518 1722 605 1800 qnod
641 1720 668 1782 si
697 1721 825 1800 impune
852 1723 950 1795 ferat,
990 1722 1171 1795 considera,
1206 1742 1269 1804 qua

259 1819 478 1904 inquietudine
508 1823 566 1882 hos
598 1821 712 1882 cubare
741 1841 845 1882 manes
875 1819 1047 1904 putandum
1077 1822 1127 1885 sit.
1182 1822 1268 1882 Ecce
1330 1897 1334 1906 Ι

259 1933 363 1983 antem
384 1919 484 1983 aliud!
514 1917 588 1981 Fuit
612 1921 663 1982 itte
681 1920 714 1980 in
732 1921 793 1983 tuis
817 1921 915 1982 bellis.
960 1921 1074 1984 Prote
1094 1921 1269 2002 periculum

260 2009 344 2082 adiit.
384 2011 515 2100 Quaeso,
540 2019 594 2101 qui
609 2041 690 2101 sepe
710 2019 815 2100 puniri
835 2021 976 2097 vetuisti,
997 2023 1053 2108 qni
1069 2034 1157 2084 tuum
1176 2031 1269 2102 caput

246 2123 429 2202 ¹petierant,
448 2141 520 2182 enm
541 2119 643 2182 occidi
661 2119 765 2195 sines,
786 2120 842 2202 qui
865 2120 941 2182 iilud
958 2119 1194 2204 propugnavit?
1226 2123 1268 2183 Ut
1304 2151 1307 2156 Δ

258 2223 315 2283 hos
346 2241 412 2284 non
443 2221 615 2302 producam
648 2219 773 2300 triginta
800 2219 888 2299 juxta
920 2223 1096 2294 Huttenos,
1129 2239 1267 2301 qnorum

257 2323 360 2382 nuilus
371 2341 437 2382 non
452 2319 618 2402 aliquando
637 2315 693 2379 tibi
706 2318 854 2381 militavit.
892 2321 958 2380 Nee
973 2337 1023 2380 me
1034 2321 1114 2381 adeo
1131 2317 1266 2384 disciss-

259 2422 387 2501 pocnitet
407 2421 528 2493 bucce,
566 2429 601 2480 nt
628 2417 783 2498 insignem
812 2429 867 2479 tuo
897 2419 1018 2480 nomini
1049 2419 1266 2482 contumeliam

259 2523 385 2593 illatam,
412 2521 469 2582 hac
487 2518 597 2580 dextra
614 2517 751 2602 punitam
772 2517 877 2579 nolim.
918 2520 1105 2600 Quanquam
1124 2520 1187 2581 haec
1202 2537 1263 2600 ego

258 2620 382 2682 minime
408 2618 497 2701 quasi
522 2619 553 2692 s)
580 2627 639 2679 ttiae
665 2618 802 2700 equitati
827 2617 969 2681 diffidens
995 2637 1127 2691 moneor
1159 2619 1265 2699 potius

258 2721 386 2795 taboro,
428 2729 463 2780 ut
490 2710 522 2778 in
553 2728 694 2797 tempore
722 2717 774 2779 his
794 2718 890 2780 rebus
916 2715 1100 2792 subvenias,
1137 2739 1197 2780 nee
1218 2719 1266 2793 ⁰⁶)

256 2821 371 2882 bellum
384 2817 454 2902 geri
471 2818 551 2880 sinas
563 2864 571 2893 ‚
592 2829 622 2880 et
640 2817 758 2878 nubaei
778 2816 985 2882 Germaniam.
1031 2819 1121 2878 Neve
1140 2817 1265 2898 patiaris
1359 2827 1360 2830 ’

256 2923 368 2982 florem
386 2916 572 2989 nobilitatis,
597 2916 693 2977 istius
713 2913 809 2994 objici
827 2915 973 2978 sordibus
996 2917 1074 2992 ass),
1119 2919 1167 2980 Ne
1186 2919 1266 2980 ultra

256 3020 295 3080 ad
326 3019 402 3078 alios
429 3013 567 3088 referas,
608 3014 663 3074 sed
690 3011 818 3096 utipse
848 3015 1013 3090 decemas,
1053 3013 1125 3094 ipse
1149 3016 1264 3077 edicas.

257 3117 354 3194 Quod
373 3113 431 3176 etsi
452 3111 541 3174 nimis
560 3133 632 3174 sero
656 3113 683 3176 si
704 3109 817 3189 facies,
840 3117 911 3191 fiet„
931 3135 996 3176 non
1012 3111 1085 3176 nihil
1107 3123 1208 3177 tamen
1225 3117 1265 3178 ad

256 3213 479 3274 exarmandum
511 3211 604 3274 istum
630 3211 791 3294 proderit.
820 3201 907 3276 'Nee
934 3225 969 3277 tu
1001 3225 1152 3295 expecta,
1186 3215 1266 3298 quid
1325 3237 1328 3244 ’

235 3327 364 3374 'omnes
386 3311 510 3372 tandem
531 3313 679 3374 Germani
698 3313 842 3387 edicant,
871 3324 924 3375 ma
945 3315 1091 3377 omnium*
1107 3335 1172 3378 vox
1194 3315 1265 3376 erit.

256 3413 432 3491 Expectant
444 3408 517 3489 ipsi,
539 3414 614 3475 dum
630 3435 717 3476 suam
729 3421 764 3475 tu
776 3413 958 3474 sententiam
969 3414 1119 3492 publices.
1157 3416 1264 3495 Quan-

210 3537 219 3548 ·
255 3520 320 3572 tum
347 3509 434 3570 inse
457 3522 518 3586 est,
551 3512 623 3574 satis
647 3513 888 3584 ttamnaverunt,
919 3511 1044 3590 publiea
1061 3525 1163 3575 tamen
1186 3533 1264 3574 con·

254 3608 390 3672 turbatio
409 3621 474 3684 est,
505 3631 572 3690 quac
596 3607 758 3689 suspendit
781 3613 843 3672 hoc
860 3609 1021 3690 judicium.
1059 3615 1126 3674 Nec
1139 3612 1262 3673 mirum.

255 3709 372 3772 Omnes
399 3709 488 3771 istius
521 3708 657 3770 criminis
688 3710 810 3772 novitas
836 3731 872 3772 ac
907 3711 1089 3794 magnitudo
1118 3709 1261 3790 stupidos

256 3853 443 3870 ⁸-

287 3933 311 3991 *t
330 3947 474 4004 Quanquam
492 3945 545 3989 toee
562 3957 609 4002 epo
628 3947 728 4014 mtntme
749 3949 836 4004 quast,
873 3945 922 3994 ttae
940 3943 985 3994 iata
1003 3946 1074 4004 quast.
1122 3938 1170 4008 ⁴⁴)
1200 3961 1261 4004 nec,

287 4038 324 4070 ne.
363 4018 423 4084 w)
446 4027 573 4084 sordibus,
602 4030 675 4074 furiis.
766 4059 769 4064 -
