2810 4722
480 485 484 494 ·
503 461 630 540 Oratio
656 463 792 538 Tertia.
1083 469 1150 538 tss

144 656 289 720 reddidit.
327 655 438 739 ltaque
461 673 569 720 omnes
587 655 723 730 iaciunt,
753 677 845 720 nemo
861 655 996 738 perlicit.
1033 659 1151 722 Omnes

143 757 285 830 student,
315 777 423 818 omnes
439 765 599 833 satagunt,
634 767 693 818 stat
710 767 812 820 tamen
829 759 1011 840 negotium,
1043 769 1074 820 et
1091 780 1151 820 nos

142 856 289 937 suspensi
302 867 454 918 tenemur.
492 857 579 934 Saepe
602 855 685 918 euim
704 858 755 932 lit,
786 869 821 920 ut
842 857 977 920 maxima
993 855 1150 920 festinatio

141 957 308 1020 niaximum
324 956 496 1018 tarditatem
513 955 648 1018 inducat.
695 956 767 1020 Scio
782 957 859 1040 quid
877 978 985 1020 omnes
1000 955 1151 1034 sentiant,

144 1070 175 1122 et
192 1069 344 1142 qnanmm
359 1057 453 1120 istum
469 1055 583 1138 singuli
601 1057 834 1130 damnaverint;
854 1079 913 1119 nec
930 1058 1017 1120 istam
1036 1060 1151 1140 ignoro

141 1161 227 1222 nulla
238 1158 362 1220 diversa
377 1156 527 1238 opinione
542 1143 660 1219 moram
674 1158 753 1221 fieri.
794 1157 856 1220 Sed
870 1169 1013 1238 oportet,
1035 1179 1055 1218 o
1072 1158 1151 1220 Ger·

141 1259 225 1324 mani
239 1258 405 1341 quemdam
419 1256 468 1318 hic
479 1255 690 1337 periculosum
702 1257 848 1338 intercipi
860 1279 1011 1320 errorem.
1039 1257 1153 1318 Vestra

141 1379 245 1440 nuper
271 1357 353 1420 ratio
383 1356 459 1431 tuit,
495 1356 539 1420 ita
562 1355 656 1418 istum
681 1359 877 1432 damnatum,
909 1369 944 1419 ut
966 1356 1064 1438 magis
1087 1377 1154 1418 non

142 1469 268 1542 posset,
294 1458 336 1520 ita
357 1458 509 1532 fractum,
535 1468 570 1519 ut
585 1456 708 1520 restitui
727 1477 791 1518 non
811 1457 901 1519 lacile
919 1468 1017 1532 esset,
1048 1475 1154 1518 meum

142 1571 252 1622 contra
270 1557 462 1632 consilium,
479 1568 513 1619 ut
532 1556 729 1618 occasionem
749 1556 946 1638 arriperetis,
966 1577 1047 1620 neve
1068 1557 1154 1618 colli-

141 1659 239 1743 gendi
267 1680 301 1722 se
332 1657 466 1737 spatium
499 1657 735 1732 concederetis,
781 1659 870 1739 quod
907 1659 983 1720 dum
1015 1657 1154 1742 segniter

143 1760 272 1835 auditis,
305 1770 358 1821 aut
381 1757 472 1820 nimis
492 1777 603 1820 secure
630 1757 717 1819 istius
744 1758 973 1822 damnationem
998 1758 1152 1830 tractatis,

143 1863 203 1926 hoc
219 1859 346 1923 interim
365 1861 415 1933 iit,
445 1856 534 1938 quod
557 1877 615 1920 vos
637 1857 723 1922 hauet
741 1858 771 1936 *)
790 1859 937 1940 suspicati
963 1859 1055 1934 estis,
1089 1879 1152 1940 ogo

142 1971 262 2024 mamre
287 1959 435 2040 praevidi,
463 1970 500 2020 ut
527 1958 585 2021 iste
607 1959 641 2019 in
666 1978 770 2021 arcem
791 1958 909 2020 furoris
933 1957 983 2020 sui
1000 1957 1152 2038 dilapsus,

91 2117 93 2122 ,
142 2083 198 2140 sua
229 2058 421 2122 confidentis
448 2069 548 2134 tutus,
589 2058 725 2140 obliquis
753 2056 815 2138 jam
843 2057 959 2131 oculis,
999 2056 1153 2139 mansique

143 2179 341 2224 communem
366 2157 509 2220 minitans
529 2161 663 2232 cladem,
690 2157 723 2219 in
742 2167 877 2219 vestram
894 2156 1153 2220 consultationem

142 2263 332 2343 spectdetur.
368 2256 470 2336 Cujus
484 2258 682 2340 negligentiae
693 2267 801 2319 vestrae
820 2276 890 2318 eum
900 2258 1024 2319 tandem
1036 2253 1083 2330 ns)
1094 2275 1155 2320 vos

144 2360 308 2440 poeniteat,
338 2371 450 2441 utpote
467 2379 540 2420 sero
564 2377 705 2421 errorem
723 2367 945 2446 agnoscentes,
974 2355 1050 2440 quid
1067 2355 1153 2420 iutu-

144 2482 215 2524 rum
225 2459 431 2535 arbitramini,
445 2459 471 2521 si
482 2458 612 2526 ulterius
626 2458 692 2532 Μ)
705 2457 777 2520 hinc
790 2475 919 2540 quoque
930 2457 1153 2542 progrediatur

137 2556 327 2632 cunctatio?
361 2559 448 2641 Saepe
471 2558 587 2638 optima
617 2568 720 2620 mente
747 2558 879 2638 turpiter
905 2570 1066 2638 peccatum
1096 2567 1152 2620 est.

144 2663 233 2724 Pene
258 2659 321 2736 ism
343 2658 459 2738 eripuit
484 2658 543 2719 iste
565 2679 610 2719 se.
655 2655 777 2737 Quodsi
797 2667 955 2720 assecutus
974 2658 1029 2733 sit,
1058 2677 1152 2738 quem

143 2762 176 2824 in
193 2783 252 2824 nos
270 2760 421 2840 impetum
437 2748 562 2836 postea,
583 2776 664 2838 qtros
682 2755 827 2830 furores,
848 2777 943 2839 quam
959 2756 1150 2830 barbariem,

144 2884 178 2924 ac
187 2859 409 2926 immanitatem
420 2855 580 2920 effundet?
600 2859 684 2937 Quas
697 2855 793 2918 furios
808 2854 956 2918 invehet?
974 2855 1151 2928 Recordor,

145 2964 299 3046 quosdam
317 2981 335 3020 a
350 2958 506 3040 principio
523 2957 569 3020 sic
580 2957 790 3031 consuluisse,
812 2967 990 3036 temporum
1000 2953 1154 3016 rationem

144 3063 336 3136 habendam,
379 3059 468 3142 qnod
500 3069 575 3118 tunc
606 3057 782 3138 periculose
819 3055 988 3135 provocari
1015 3075 1154 3138 *nequam

145 3161 278 3225 hominis
289 3159 454 3222 amentiam
465 3168 625 3237 putarent,
648 3158 802 3239 quasique
812 3158 995 3218 necessitate
1009 3155 1152 3240 quadam

146 3262 273 3326 minime
297 3271 400 3325 autem
425 3257 545 3340 judicio
571 3280 607 3321 ac
630 3259 792 3318 voluntate
818 3257 907 3320 istam
929 3254 1155 3336 interposuisse

145 3381 275 3424 moram.
314 3361 378 3441 Qui
395 3359 538 3434 rideant,
571 3377 649 3430 oro,
680 3377 748 3439 qnae
771 3356 809 3417 sit
830 3378 915 3418 nunc
939 3355 1096 3428 conditio,
1121 3365 1156 3415 nt

148 3455 311 3544 quomddo
341 3481 433 3522 suum
468 3458 544 3520 illud
574 3456 740 3518 consilium
766 3454 910 3527 cesserit,
953 3464 1155 3536 cognoscant.

147 3563 222 3624 Non
244 3560 307 3637 jam
323 3572 359 3622 ut
382 3560 506 3642 quietus
528 3559 587 3618 iste
606 3565 817 3634 provocetur,
849 3552 983 3632 agimus3
1012 3553 1073 3610 ltoe
1096 3562 1156 3610 sta-

148 3661 298 3724 tuendum
320 3660 425 3740 potius
443 3669 507 3730 est,
536 3667 571 3718 ut
587 3656 697 3718 lurore
720 3675 756 3716 ne
777 3652 909 3715 amentia
927 3659 1156 3732 regressontem

148 3763 297 3826 audacem
319 3763 490 3833 latronem,
526 3755 631 3838 patriae
668 3754 842 3827 excidium,
883 3750 975 3814 bonis
1011 3746 1155 3811 omnibus
1239 3815 1243 3830 Ι

147 3905 339 3924 μ

181 3991 205 4054 *l
224 4001 304 4058 haud,
329 4011 384 4049 nen.
435 3988 481 4056 ”)
498 3997 611 4053 tandem,
629 3996 729 4042 tantum.
779 3981 843 4052 Μ“)
866 3987 988 4036 zwirclten
1015 3985 1033 4032 si
1051 3983 1155 4066 -lrlne

180 4086 435 4142 strenuissimae
