2624 5108
144 876 209 943 180
382 866 425 939 In
449 866 639 949 Uirichum
666 865 914 966 Wirtcubcrg.

139 1062 213 1124 Hoc
227 1061 373 1144 inquam,
404 1066 557 1125 exoratos
578 1056 647 1122 vidi
668 1059 848 1135 causificor,
880 1080 1021 1143 quorum
1044 1060 1169 1123 interii-

139 1163 261 1235 ciendis
279 1161 458 1224 hominibus
478 1158 646 1223 artificium
671 1172 736 1235 est,
764 1161 821 1242 qui
838 1160 1005 1223 fundendo
1027 1161 1169 1223 humano

140 1263 286 1346 sanguini
300 1263 421 1325 adsueti
435 1271 523 1337 sunt,
534 1282 672 1346 quomm
685 1259 822 1344 (piisque
833 1270 921 1322 tanto
931 1259 963 1321 in
973 1278 1033 1322 suo
1046 1279 1171 1343 genere

139 1361 242 1444 major
251 1375 298 1427 est
307 1408 317 1439 ‚
327 1374 447 1447 quanto
458 1362 579 1437 miurus,
589 1383 702 1425 eorum
715 1384 797 1445 quos
808 1360 956 1441 interficit
965 1406 973 1437 ‚
982 1360 1170 1441 miseretur

140 1474 245 1526 tamen
256 1465 318 1527 hoe
332 1464 510 1527 concedere
526 1462 752 1526 interficiendis
764 1462 841 1524 vidi.
867 1464 941 1537 Tu,
957 1460 1013 1544 qui
1028 1462 1172 1527 omnium

140 1562 325 1631 carrdficmn
336 1561 504 1641 victores,
517 1584 614 1648 quem
624 1563 806 1638 atrocitate,
818 1574 850 1624 ct
862 1562 1062 1625 inelementia
1073 1583 1171 1626 nemo

141 1665 255 1740 vincit,
276 1684 372 1727 nemo
384 1672 503 1748 aquat,
524 1684 592 1749 quo
603 1684 700 1727 nemo
718 1663 868 1727 immitior
882 1674 1053 1743 tymimus,
1072 1684 1169 1739 nemo

140 1764 284 1828 ferocior
297 1765 358 1827 ruit
375 1765 547 1878 glodiatpr,
566 1783 634 1827 non
648 1776 769 1827 tantum
780 1783 846 1828 uon
859 1764 978 1848 aliquid
989 1764 1031 1827 dc
1043 1762 1168 1826 diritate

141 1864 288 1946 supplicii
301 1864 549 1928 innocentissimi
562 1862 689 1947 juvenis
698 1864 866 1942 remisisti,
887 1867 945 1928 scd
956 1864 1080 1941 omnia,
1096 1885 1167 1949 qrroe

141 1950 213 2031 iicri
229 1966 399 2053 cmrdeliter
411 1977 574 2049 poterant,
595 1966 629 2027 in
644 1968 805 2029 cumulum
819 1964 989 2049 aggerasti.
1026 1966 1096 2029 Nec
1107 1962 1169 2051 jam

142 2067 222 2150 quid
242 2068 442 2141 detraheres,
475 2066 534 2131 sed
562 2066 640 2148 quid
662 2068 812 2143 adderes,
843 2065 999 2150 cogitasti.
1042 2066 1086 2129 Et
1104 2068 1170 2129 haec

142 2170 184 2232 de
202 2181 256 2231 tua
282 2170 408 2231 feritate
428 2188 465 2241 cc
492 2166 689 2230 inelementia
716 2166 890 2229 dictasint.
936 2167 1072 2229 Tantum
1088 2188 1169 2230 vero

141 2270 369 2351 impudentiam
395 2269 467 2354 quis
502 2267 655 2341 credidit,
689 2278 724 2329 ut
751 2288 824 2329 cum
849 2268 915 2328 haee
938 2278 1025 2332 touta
1051 2270 1171 2333 seelera

143 2370 324 2446 admiseris,
344 2371 446 2433 adhue
464 2389 524 2431 nos
547 2368 697 2442 irridere,
718 2367 811 2429 nobis
831 2367 999 2443 insultare,
1025 2379 1058 2430 et
1074 2371 1171 2433 mak-

144 2471 234 2535 dictis
256 2490 389 2554 quoque
408 2469 604 2532 contendere
621 2468 760 2530 miricas?
789 2468 854 2529 Sed
872 2470 961 2551 quod
981 2489 1063 2549 saepe
1085 2469 1169 2544 dixi,

116 2654 119 2658 Ι
144 2575 216 2636 iicta
231 2573 289 2635 ista
306 2572 361 2635 abs
377 2583 409 2634 te
424 2570 533 2633 lotitia·
545 2582 604 2633 cst.
644 2568 904 2632 Commentitium
920 2571 982 2629 hoc
997 2569 1169 2649 gaudium,

145 2696 212 2758 quo
230 2675 409 2737 forinsecus
436 2671 530 2734 nobis
546 2672 696 2733 molestus
718 2690 764 2732 es.
801 2670 879 2731 Nam
894 2666 978 2727 inuis
1002 2664 1115 2742 doles,
1133 2690 1171 2731 ac

145 2773 323 2838 maceraris.
361 2772 413 2833 Sic
435 2772 533 2833 durus
562 2771 681 2854 qnippe
707 2793 773 2834 non
798 2780 889 2855 potes
915 2788 1004 2844 csse,
1033 2781 1070 2833 ut
1102 2791 1171 2834 nou

145 2878 244 2936 multa
266 2884 296 2935 tc
319 2871 368 2932 hio
397 2870 595 2933 acerbissime
623 2873 778 2936 orificium.
824 2874 933 2957 Atque
957 2873 1036 2943 heus
1061 2882 1114 2947 tu,
1144 2872 1170 2933 si

147 2993 254 3055 neque
265 2969 359 3050 hujus
372 2982 402 3030 tc
420 2969 580 3034 homicidii
593 2974 809 3053 turpissimum
820 2973 853 3036 in
865 2976 997 3037 modum
1011 2976 1170 3039 commissi

148 3072 267 3154 pudet,
288 3091 394 3154 neque
410 3071 514 3147 istius,
535 3094 604 3157 quae
619 3085 789 3136 consecuta
802 3087 865 3151 est,
884 3075 1082 3158 ignominiae,
1105 3098 1171 3161 quo

148 3173 235 3235 ilium
257 3175 381 3237 tandem
404 3173 450 3236 sic
473 3174 635 3236 desertum
661 3185 749 3236 tuum
774 3176 814 3237 ad
832 3175 1083 3238 Maximiliamrm
1104 3175 1171 3240 Cae·

149 3297 251 3338 sarem
278 3276 396 3337 abitum
421 3272 518 3335 tulisti
536 3273 666 3334 animo?
712 3275 760 3336 lbi
783 3286 815 3336 te
840 3276 954 3357 puduit
980 3279 1071 3339 latro.
1124 3275 1170 3339 lbi

114 3368 117 3374 ’
138 3374 274 3455 ¹coepisti
294 3374 377 3437 intus
393 3371 562 3445 macerari,
589 3373 669 3436 ioris
689 3375 721 3451 '²³)
741 3377 860 3456 pallore
877 3378 1003 3438 confici.
1041 3376 1171 3441 Sensisti

151 3474 251 3546 enim,
284 3492 354 3553 quse
380 3470 442 3531 sint
467 3471 628 3536 homiuum
648 3472 783 3554 judicia,
818 3486 990 3538 tuncrum
1016 3496 1059 3537 ex
1090 3488 1172 3539 tauta

151 3571 244 3633 turba
271 3570 441 3646 nobilium,
475 3571 530 3653 qtai
557 3573 589 3635 in
614 3584 668 3635 tua
693 3578 914 3638 ostentacula
938 3576 1058 3639 versati
1082 3590 1171 3647 sunt,

152 3671 208 3733 vix
234 3689 316 3733 uirus
346 3683 378 3735 et
407 3674 499 3747 alter,
540 3672 597 3755 qui
621 3683 653 3735 te
681 3675 900 3753 comitaretur,
940 3690 1086 3758 repertus
1116 3690 1172 3742 est.

154 3773 273 3845 Vides,
293 3772 412 3850 bellua,
431 3774 537 3848 vides,
556 3771 702 3856 inquom,
719 3775 809 3857 quod
821 3776 868 3838 tui
881 3777 981 3858 pudet
993 3797 1066 3852 cos,
1085 3798 1171 3860 quos

153 3872 317 3953 proximos
336 3873 451 3937 habere
470 3874 616 3939 solebas?
648 3876 794 3954 Quorum
819 3876 847 3939 si
871 3898 954 3939 uuus
977 3888 1079 3953 esset,
1106 3898 1174 3941 uon

154 3972 246 4049 dico,
268 3973 324 4056 qui
340 3985 429 4036 tuum
447 3975 568 4036 sociatam
583 3974 752 4055 probaret,
771 3977 834 4037 hoc
849 3975 941 4053 (lieo,
961 3977 1018 4061 qui
1032 3988 1065 4039 tc
1080 3979 1174 4041 venia

149 4075 287 4155 dignum
310 4074 483 4152 judicaret,
517 4086 592 4135 tunc
613 4074 757 4154 juberem
777 4078 836 4139 hos
856 4077 1069 4141 nobilissimos
1085 4078 1173 4157 prin·

156 4174 261 4256 cipes,
290 4176 374 4237 hunc
393 4173 684 4255 frequentissimum
700 4175 864 4258 equitum,
894 4176 1070 4261 populique
1093 4174 1175 4240 Ger·

157 4274 241 4338 mani
259 4284 451 4337 conventum
468 4283 500 4334 tc
516 4273 696 4351 absolvere,
716 4275 773 4340 tibi
787 4276 1001 4359 impunitatem
1018 4276 1173 4365 irrogare.

194 4504 226 4574 ¹‘)
241 4507 333 4569 soris,
352 4512 424 4560 Foris.
