2624 5108
311 796 359 870 nd
381 795 548 868 Leonem
569 790 621 867 X.
644 791 826 891 praesetio.
1006 797 1076 873 -lll

65 989 209 1055 nonnulli
227 987 318 1072 (prasi
342 986 457 1049 bellum
476 980 652 1066 apparaturi
675 992 786 1046 contro
806 984 947 1062 Teucer,
971 983 1023 1049 elii
1041 995 1077 1049 ut

64 1094 229 1172 templum,
261 1087 350 1170 quod
378 1085 487 1166 perlici
512 1100 577 1145 non
596 1092 725 1158 curent,
752 1084 862 1151 Rome
882 1084 959 1148 divo
977 1086 1077 1150 Petro

65 1200 243 1263 exstruere
272 1186 327 1269 qni
347 1200 419 1247 cum
445 1186 510 1248 haec
529 1183 632 1245 omnia
650 1181 805 1262 fecerent,
828 1197 934 1250 tamen
953 1190 1080 1252 uluteri

64 1310 101 1356 ne
131 1292 229 1373 vulgo
265 1285 462 1375 beatissimos
495 1293 527 1347 et
566 1282 774 1346 sanctirumoa
809 1285 974 1362 volebant,
1017 1308 1077 1352 nee

63 1378 182 1473 niqind
209 1388 257 1450 in·
272 1408 348 1451 euos
377 1401 483 1450 morer
511 1380 574 1447 dici
602 1384 815 1465 potiebentnr,
851 1388 970 1450 nedum
998 1389 1079 1451 lieri.

64 1490 98 1555 Si
118 1488 288 1573 quievero
308 1486 458 1550 libertatis
478 1480 688 1562 meminisset,
721 1495 776 1547 aut
794 1485 827 1548 ri·
841 1484 912 1569 quie
931 1486 1081 1569 rapienti.

63 1590 125 1654 bur
143 1586 398 1669 impedimentum
415 1596 470 1657 aut
486 1595 606 1648 ntoram
621 1584 649 1646 ri
661 1584 733 1668 quir
750 1584 879 1648 omnino
899 1585 1080 1667 objecisset,

64 1690 99 1753 in
134 1686 204 1769 ejus
234 1686 403 1749 seviebant
439 1686 588 1760 enimam,
621 1686 790 1766 perdentes
824 1697 973 1751 actuum.
1022 1690 1082 1752 Hie

63 1789 176 1853 talibus
190 1786 253 1869 jem
265 1785 443 1850 nuatimdis
460 1778 655 1861 latronibus,
670 1792 733 1849 tam
744 1787 913 1852 immitibus
924 1791 1083 1870 tyrannis,

65 1905 173 1951 nonne
200 1885 360 1948 inimicum
389 1885 447 1947 tibi
473 1885 563 1947 valde
591 1896 702 1965 putee,
737 1886 765 1951 ri
793 1885 865 1970 qnia
890 1889 1083 1971 temneret,

67 1991 132 2046 Leo
150 1984 309 2050 maxime?
342 1984 407 2046 Aut
426 2004 492 2047 non
512 1975 630 2066 optime
645 1986 687 2048 de
705 1997 789 2050 stetu
807 1989 972 2070 pontificio
988 1992 1085 2055 meri·

65 2097 115 2149 tut
135 2085 278 2160 videtur,
311 2084 367 2167 qui
392 2096 423 2147 tc
449 2098 562 2167 magna
586 2104 686 2161 voce,
722 2087 799 2170 quia
826 2086 901 2149 nihil
927 2108 1000 2151 cum
1025 2089 1084 2153 illie

66 2206 232 2251 commune
251 2184 384 2258 habear,
409 2182 576 2265 predicet,
604 2180 663 2248 illie
681 2195 793 2248 contra
812 2184 933 2261 omniu,
953 2209 1025 2270 que
1044 2190 1085 2251 ed

66 2285 299 2352 ruoeerrionem
319 2279 407 2347 Petri
431 2283 578 2360 attinent,
608 2282 776 2350 detrabat?
813 2283 877 2346 Vel
895 2304 963 2347 non
987 2285 1086 2350 bene*

66 2386 152 2450 dicer
178 2381 240 2459 illi,
277 2384 361 2464 pecie
388 2390 596 2458 restaurator,
628 2382 685 2466 qni
703 2376 752 2445 nir
770 2382 968 2446 maledixerit
987 2384 1087 2448 bello·

66 2506 137 2549 rum
174 2493 205 2546 et
242 2482 432 2546 seditionum
461 2480 673 2545 unctoribue?
723 2479 811 2562 Quin
828 2480 925 2544 mimo
950 2493 983 2544 te
1006 2485 1086 2546 novi

66 2582 232 2648 maledices
261 2583 308 2645 nis
337 2581 421 2668 ipre,
458 2591 494 2642 ut
519 2581 553 2642 in
582 2581 754 2663 quemlibet
777 2598 891 2644 cortun
917 2584 1088 2647 converriat

67 2682 286 2767 propheticum
303 2681 387 2745 hocs
423 2676 543 2745 Dilexit
567 2680 836 2756 meledictionem,
867 2691 901 2744 et
920 2684 1009 2745 venit
1032 2683 1086 2771 ei,

67 2783 169 2849 noluit
192 2781 468 2856 benedictionem,
494 2790 526 2841 et
551 2780 750 2862 elongabitur
768 2780 809 2843 ab
828 2798 881 2843 eo.
921 2782 975 2844 Sic
991 2786 1088 2846 mule·

70 2883 208 2949 dicendo
234 2881 408 2964 perdebant
440 2878 484 2943 illi
514 2878 598 2942 enim
628 2878 746 2943 animm
777 2879 958 2957 bominum,
995 2883 1087 2966 qrrasi

69 3003 137 3047 non
162 2991 246 3044 erret
269 2980 342 3045 Deo
367 2982 528 3043 cara-bec
554 2980 725 3061 pomereio.
760 2981 852 3063 Ergo
870 2999 939 3042 non
956 2981 1089 3045 luerunt

69 3092 229 3163 partoree,
251 3081 411 3163 quianon
428 3078 647 3143 custodiebant
664 3077 798 3154 ammae,
817 3078 877 3143 red
895 3081 1086 3160 perdebant,

70 3193 104 3243 et
122 3177 389 3242 circumeuntibus
414 3177 606 3241 dominicum
630 3197 760 3262 gregem
784 3179 867 3262 inpie
894 3179 1089 3261 objiciebant

72 3278 190 3345 Christi
219 3296 309 3340 orer.
358 3278 433 3339 Non
456 3288 597 3357 pretores
623 3280 755 3344 tuorum
777 3279 822 3343 illi
846 3279 995 3364 inquom,
1030 3283 1088 3344 ord

69 3380 155 3462 lupi;
187 3398 254 3439 non
280 3375 451 3450 curtodet,
481 3375 539 3439 red
563 3379 744 3458 proditore·
764 3390 796 3443 et
820 3379 921 3444 furer.
970 3383 1087 3462 Quam·

72 3480 182 3543 obrem
215 3475 287 3557 jure
317 3474 438 3557 optimo
466 3476 653 3544 maledicere
682 3479 743 3542 illie
771 3478 860 3556 licet,
908 3481 984 3565 quia
1014 3482 1087 3544 Deo

72 3600 154 3642 caue
173 3597 239 3639 non
253 3585 342 3651 eunt,
363 3573 479 3658 quibus
493 3595 556 3656 pax
570 3575 633 3639 nei
649 3596 734 3641 cure
751 3599 819 3641 non
832 3579 905 3643 tuit.
944 3582 1090 3643 Tandem

73 3679 170 3762 igitur
186 3674 333 3759 pontifex
357 3673 392 3736 in
416 3671 547 3735 eceleeia
570 3692 636 3735 non
656 3672 733 3748 init,
768 3677 920 3757 quamdiu
937 3698 1001 3759 pex
1021 3699 1089 3740 non

73 3777 146 3841 luit.
183 3772 381 3858 Quinetiam
398 3791 459 3834 nec
482 3770 589 3834 dicere
608 3770 709 3846 bene,
740 3792 801 3835 nec
823 3773 930 3839 fecere
952 3777 1088 3849 licebat,

74 3876 223 3961 quamdin
242 3872 371 3958 quidem
386 3871 432 3935 illi
453 3870 674 3956 gratabantur
692 3891 751 3952 per
770 3871 855 3935 ovile
870 3873 933 3937 Dei
953 3892 1088 3937 vernens

72 3977 158 4059 lupi,
189 3974 246 4036 ille
270 3971 474 4036 devectabant
495 3969 619 4034 vineam
647 3968 769 4033 domini
791 3968 967 4054 ringulam
993 3970 1088 4043 iere:

71 4078 114 4140 illi
130 4071 372 4141 dominabantur
393 4070 464 4134 orbi
478 4069 657 4135 Christiano
678 4068 938 4153 incomparabile·
951 4073 1088 4152 tyranni,

72 4176 189 4260 quibus
223 4174 264 4235 de
291 4180 472 4237 Hieremias
504 4168 600 4232 dicit:
645 4170 794 4247 Paetum
824 4170 913 4235 mailli
946 4170 1089 4235 demoliti

72 4286 146 4341 eunt
166 4273 289 4338 vineam
308 4293 426 4348 meum,
447 4272 843 4351 concrdeereruntpertem
857 4290 969 4336 metm.
1007 4272 1088 4333 Nutu

73 4377 101 4440 ri
123 4384 209 4439 tanto
234 4372 371 4459 quisque
387 4368 481 4456 pejor
500 4379 734 4450 tyrannas-ert,
765 4368 886 4455 quanto
908 4388 951 4436 ex
969 4362 1088 4437 einum

105 4508 173 4559 unte
189 4508 232 4568 op,
252 4508 280 4557 r.
299 4508 332 4563 u
750 4478 798 4552 27
