2624 5108
145 1361 307 1436 Ulricbus
340 1363 386 1436 de
419 1362 558 1435 Hutten
581 1364 650 1456 Eq.
686 1363 792 1435 adfini
826 1385 890 1435 suo
925 1363 1152 1459 Marquardo

216 1486 263 1559 de
287 1483 475 1575 Hotstein,
507 1482 693 1558 Canonico
717 1484 886 1585 Mogunt.
917 1484 949 1559 S.
975 1485 1023 1558 D.
1049 1595 1052 1599 ι
1157 1563 1160 1573 ,

145 1819 233 1937 Qua
250 1857 327 1920 mibi
351 1857 510 1921 horrenda
533 1856 679 1931 nuntias,
709 1857 820 1919 dilecte
833 1856 889 1931 ll?-
934 1857 971 1918 In
990 1877 1072 1940 raros
1100 1878 1156 1920 me.

144 1957 241 2017 lactus
270 1957 425 2039 conjicis?
464 1977 558 2040 quarn
590 1955 732 2018 moeroris
764 1956 962 2019 acerbitatem
989 1958 1152 2039 imponis?

144 2063 298 2123 loannem
318 2067 487 2122 Huttenom
512 2056 648 2139 ingentis
672 2055 765 2118 animi
790 2055 939 2133 juvenem
959 2080 977 2119 a
1003 2059 1152 2120 Wirtem·

145 2157 288 2237 pei-gensi
308 2157 408 2232 duce,
441 2157 493 2218 cui
516 2176 534 2217 a
559 2168 648 2236 patre
668 2158 764 2219 datus·
784 2178 888 2219 comes
913 2159 1032 2233 lucrat,
1056 2161 1152 2222 inter·

147 2268 289 2336 emptum.
326 2258 512 2321 Immortalis
522 2256 665 2320 Christro
678 2261 684 2318 !
695 2258 744 2332 aa)
771 2279 864 2340 qnam
883 2260 944 2321 boe
956 2272 1004 2319 est
1021 2280 1159 2342 novum,-

147 2376 238 2438 quam
256 2369 348 2418 atrox
368 2359 528 2420 nuntium!
558 2358 645 2420 Fieri
664 2359 748 2420 enirn
767 2359 886 2439 potuit,
899 2370 941 2421 art
958 2379 1054 2441 quem
1070 2360 1152 2422 adeo

146 2479 247 2538 nuper
266 2458 388 2533 dilexit,
418 2459 464 2521 sie
484 2459 588 2521 oderit
604 2478 708 2532 nunc,
737 2470 772 2518 ut
798 2459 943 2521 occidat?
989 2459 1052 2520 Sed
1073 2458 1152 2541 quid

145 2558 185 2619 ais
204 2559 389 2634 crudeliter,
418 2581 454 2620 ac
471 2560 574 2621 multis
593 2556 795 2631 rrrhreribus,
823 2557 899 2619 nibil
915 2559 976 2619 tale
995 2557 1151 2633 meritum,

144 2658 314 2733 incautum,
335 2660 502 2734 inermem,
526 2659 700 2740 proditum,
720 2658 958 2738 interemptum,
984 2658 1098 2720 deinde
1118 2659 1151 2720 in

145 2759 300 2822 demortui
316 2782 447 2842 qrioque
465 2782 579 2840 corpus
595 2760 752 2834 saevitum,
767 2770 808 2819 ,et
824 2758 995 2838 suspendio
1015 2748 1153 2822 notatam

144 2858 385 2921 irmoccntissimi
402 2859 529 2939 juvenis
548 2860 668 2922 vitam?
702 2860 732 2922 0
753 2859 877 2921 incivile
895 2860 1036 2935 lacinus,
1057 2881 1076 2921 o
1096 2861 1152 2921 im-

145 2979 280 3021 mensam
299 2960 519 3036 calamitatem,
551 2981 570 3021 o
589 2959 786 3022 ineluctabile
810 2961 924 3021 malum
938 2951 952 3020 !'
984 2961 1151 3042 Qnidbnie

146 3059 211 3120 seni
248 3060 397 3135 obstabit,
440 3082 504 3144 quo
530 3060 633 3122 minus
658 3061 820 3133 decernat,
851 3060 982 3121 invisam
1008 3062 1152 3123 celeriter

146 3159 237 3220 vitam
258 3161 469 3241 abrumpere?
507 3161 631 3223 Utinam
651 3159 809 3234 adessem,
845 3180 881 3218 ac
900 3170 962 3220 tarn
980 3162 1151 3239 prudenter

144 3281 274 3321 rnoiscre
300 3282 444 3341 possem,
487 3282 580 3344 quam
607 3261 786 3322 consolarer
815 3257 1008 3319 amicissime.
1056 3262 1152 3340 Quod

143 3360 194 3423 Dii
213 3361 330 3437 faxint,
363 3374 398 3422 nt
421 3361 610 3424 incolumem
633 3360 801 3421 inveniam.
839 3360 954 3421 Metuo
976 3359 1078 3433 enirn,
1110 3381 1151 3420 ne

144 3460 251 3522 dolore
275 3461 470 3523 exanimatus
495 3461 550 3534 sit,
577 3471 608 3521 et
633 3461 804 3534 recordor,
832 3480 924 3542 quani
945 3479 1051 3521 carana
1069 3462 1152 3521 hnno

144 3560 282 3621 babncn't
301 3561 417 3637 lilium,
445 3572 561 3643 taranta
579 3580 635 3640 spe
653 3562 839 3641 suspexerit.
878 3561 940 3623 Iste
961 3583 1039 3623 vero
1060 3562 1151 3622 dolor

146 3680 237 3740 quam
269 3662 382 3727 merito
423 3682 493 3722 cum
528 3661 581 3722 illo
618 3660 691 3722 mibi
725 3662 897 3723 communis
934 3663 1009 3723 est?
1060 3663 1152 3725 Nosti

76 3830 81 3837 .
144 3780 290 3822 numanam
308 3760 444 3822 bominis
475 3781 550 3844 erga
575 3781 625 3821 mc
649 3761 895 3839 benignitatem,
928 3762 1055 3836 vidisti,
1089 3782 1152 3844 <pra

141 3861 241 3923 studia
265 3882 337 3923 inca
362 3860 544 3922 liberalitate
565 3860 692 3938 juverit.
739 3862 884 3941 Quorum
910 3863 936 3921 si
961 3863 1035 3924 nibil
1059 3872 1150 3935 essct,
1183 3940 1186 3945 Ι

90 3954 93 3963 '
143 3980 238 4045 quem
265 3983 332 4024 non
364 3962 508 4042 tangeret
539 3961 602 4021 baec
631 3959 763 4021 infelicis
793 3959 917 4036 juvenis
947 3959 1151 4023 innocentia?

142 4063 204 4124 lata
233 4062 392 4142 probitas,
432 4072 464 4120 et
490 4080 508 4120 a
534 4060 809 4136 pulcherrimarum
843 4059 994 4121 rirtntrnn
1025 4061 1150 4121 curnula

142 4164 291 4242 ‹lecetpta
308 4160 397 4224 laus?
435 4158 560 4223 Deinde
580 4158 687 4224 mortis
709 4180 809 4240 genus
836 4171 896 4222 tam
914 4160 1056 4223 norum?
1090 4170 1152 4220 mm

176 4359 208 4420 ⁴)
225 4370 319 4417 ἄπεισι.
335 4367 495 4416 dilectissima.

159 4451 208 4513 ”J
224 4463 378 4510 Immortalis
396 4466 526 4511 christus!
552 4460 590 4508 Dii
608 4457 765 4511 immortales!
