2624 5108
104 1307 322 1381 lllrichus
363 1308 419 1385 de
455 1310 635 1383 Hutten
667 1306 743 1404 Eq.
780 1301 911 1383 Julio
945 1307 1118 1408 Pflugk

411 1451 570 1552 Equiti
596 1452 812 1528 Salutem.

540 1673 680 1692 -n

102 1833 155 1927 Ut
172 1876 208 1929 tu
227 1868 355 1951 (pridem
373 1858 493 1942 valeas,
514 1866 683 1929 multorum
698 1863 812 1930 crebro
829 1863 869 1930 ad
886 1883 946 1932 nos
962 1863 1117 1932 relatione

102 1965 270 2046 perfertur.
316 1968 366 2030 De
391 1978 472 2030 s'tatu
496 1964 691 2040 Germaniae,
722 1965 847 2042 nescio,
877 1985 917 2028 an
944 1963 1121 2035 identidem

104 2076 137 2127 tu
165 2065 326 2147 intelligas.
374 2064 514 2128 Proinde
542 2065 681 2129 breviter
706 2066 821 2151 accipe
870 2064 1012 2129 Primum
1036 2065 1118 2129 sarii

103 2149 175 2249 sunt
199 2162 250 2226 bic
277 2176 396 2241 motus,
431 2185 541 2227 verum
568 2165 609 2228 ita
635 2166 770 2244 occulti,
805 2175 840 2228 ut
865 2163 921 2225 vix
948 2161 1117 2243 aliquando

103 2261 281 2343 suspicione
305 2262 424 2348 aliquid
448 2265 572 2348 assequi
598 2266 696 2330 liceat.
741 2262 870 2328 Deinde·
890 2261 1039 2326 maximas
1064 2282 1116 2325 res

102 2363 236 2444 agitans,
268 2363 419 2443 plurimos
444 2365 505 2426 hoc
530 2374 672 2447 ternpore
692 2363 866 2428 Gennaniae
884 2382 1034 2444 proceres
1053 2365 1118 2427 buo

102 2462 256 2545 protraxit
273 2461 389 2527 Cesar.
436 2463 468 2524 Si
492 2466 654 2543 procedit,
685 2465 772 2548 quod
792 2462 843 2526 ille
861 2462 1007 2538 molitur,
1040 2462 1117 2527 nibil

103 2561 203 2625 adlruc
227 2561 338 2643 pigere
362 2583 421 2626 nos
447 2563 541 2625 debet
564 2567 678 2629 borram
697 2575 884 2643 temporum.
924 2563 979 2626 Sin
998 2560 1118 2646 aliquid

102 2662 290 2738 intercedet,
310 2681 376 2745 quo
392 2662 495 2726 minus
511 2665 705 2747 expergefiat
715 2661 895 2739 Germania,
916 2661 968 2726 ille
988 2660 1122 2748 quidem

101 2761 273 2828 merebitur
291 2763 438 2845 gratiam,
465 2761 521 2845 qui
539 2765 603 2824 bac
622 2773 752 2825 conatus
771 2773 833 2837 est,
853 2784 965 2827 verum
984 2781 1044 2825 nos
1063 2773 1117 2826 eut

102 2863 135 2924 in
161 2863 281 2935 saturn,
324 2869 376 2926 aut
401 2860 435 2925 in
461 2860 541 2924 illam
579 2862 780 2925 Homericam
816 2866 900 2926 Aten
936 2861 1118 2944 rejiciamus

101 2965 233 3040 culpam.
271 2960 368 3026 Certe
387 2959 645 3042 jucundissimum
664 2962 715 3026 hic
743 2962 889 3026 omnibus
907 2965 1118 3044 spectaculum

100 3061 145 3121 ob
162 3064 272 3122 oculos
288 3073 442 3126 versatur.
482 3062 547 3125 Tot
565 3063 722 3145 principes
741 3060 869 3141 juventa
886 3062 977 3127 simul
995 3074 1028 3127 et
1044 3083 1118 3128 eor·

101 3158 187 3240 poris
201 3156 307 3241 specie
324 3172 517 3240 prestantes,
538 3172 618 3224 tanta
635 3163 794 3226 Comitum
813 3182 848 3225 ac
868 3161 1021 3246 Equitirm
1037 3164 1118 3227 mul·

99 3259 223 3330 titudo,
262 3260 321 3322 llos
349 3255 468 3322 scilicet
494 3262 654 3325 Gennansa
682 3262 872 3339 nobilitatis,
910 3274 948 3326 ut
975 3262 1032 3348 qui
1057 3265 1117 3328 hos

101 3361 275 3439 intueatur,
311 3360 524 3425 formidandos
552 3382 744 3447 magnopere
774 3363 893 3427 Turcss
923 3381 989 3426 non
1015 3373 1117 3445 putet.

100 3460 199 3544 Quod
223 3462 250 3524 si
273 3461 368 3525 hodie
394 3470 511 3526 tantum
534 3464 657 3527 cerebri
683 3472 731 3526 est
751 3461 932 3541 Germanis,
964 3472 1116 3548 quantum

100 3558 229 3638 virium,
251 3561 348 3635 emim
367 3562 439 3624 orbi
456 3571 608 3626 terrarum
626 3561 735 3625 minari
755 3562 877 3645 jugum.
915 3563 1008 3627 Faxit
1024 3564 1117 3629 Deus

102 3663 177 3743 Opt.
190 3663 280 3726 Max.
296 3670 331 3724 ut
349 3659 408 3726 sibi
426 3665 589 3747 consulant
604 3661 652 3737 hi,
674 3675 841 3743 equorum
858 3661 995 3725 consiliis
1013 3663 1117 3727 omnia

100 3763 248 3844 pendent.
296 3761 382 3846 Quid
408 3759 490 3825 aliud
514 3770 624 3843 optare
649 3757 930 3836 anianensem,
963 3779 1056 3844 quam
1080 3771 1118 3824 ut

100 3880 184 3922 nunc
210 3861 342 3926 maxime
367 3870 515 3947 agnoscat
537 3878 572 3924 se
593 3856 785 3923 Gennauial
821 3858 898 3942 Agit
923 3860 974 3923 bic
995 3861 1116 3942 legatus

101 3958 213 4023 summi
240 3961 414 4041 pontificis,
449 3961 482 4025 in
513 3962 605 4042 cujus
635 3959 784 4023 mandatis
813 3967 878 4034 est,
916 3960 1053 4022 excitare
1082 3957 1119 4022 in

104 4059 222 4123 Turcas
239 4060 365 4124 bellum.
413 4064 514 4144 Quam
540 4079 664 4126 causam
685 4055 751 4144 egit
771 4057 930 4135 oratione,
951 4078 1021 4142 quae
1039 4078 1118 4144 qua·

102 4160 138 4224 lis
154 4162 208 4236 sit,
235 4159 375 4238 videbis,
395 4159 451 4223 ubi
470 4161 582 4224 editam
600 4161 638 4225 ad
659 4171 690 4223 tc
711 4157 921 4222 transmisero.
964 4157 1117 4243 Erigitur

100 4260 216 4323 viritim
234 4258 382 4342 pecunia,
401 4279 495 4342 quam
513 4261 546 4322 in
565 4260 801 4343 expeditionem
820 4278 945 4322 sumere
962 4270 1116 4342 oporteat.

101 4358 187 4446 Quid
217 4358 380 4444 admissuri
404 4360 466 4423 sint
494 4358 664 4440 Germani,
703 4355 802 4423 adbuc
830 4356 864 4423 in
890 4358 1118 4426 deliberatione
