2624 5108
447 854 495 929 ad
519 855 699 929 iacobum
722 856 850 929 Fuchs.
1114 864 1160 933 35

140 1051 181 1115 ad
200 1069 414 1134 quartamque
441 1045 599 1111 civitatem
622 1047 823 1124 adventaret,
843 1048 884 1110 de
903 1049 1015 1113 studiis
1033 1070 1162 1115 eorum·

140 1172 205 1236 que
231 1149 470 1231 professoribus
497 1147 671 1231 inquirere.
721 1149 779 1209 Me
804 1148 915 1211 dilexit
940 1153 1160 1228 vehementer,

140 1272 216 1314 rtem
231 1272 268 1314 re
285 1249 524 1331 comprobatum
544 1259 607 1322 est,
637 1269 732 1330 qnam
748 1270 813 1310 non
838 1250 1031 1313 simulaverit
1051 1253 1082 1328 ὓ)
1100 1256 1163 1315 hoc

141 1372 221 1434 erga
244 1370 293 1413 me
315 1350 466 1413 audium.
516 1349 628 1431 ltaque
647 1348 835 1431 frequenter
857 1350 1002 1413 familiari
1023 1354 1163 1416 collocu-

144 1452 223 1515 tioni
239 1452 289 1528 ω)
311 1450 499 1530 adhibebat,
524 1449 597 1530 ipso
615 1449 682 1523 aaa)
702 1448 827 1511 interim
848 1452 949 1513 rarius
974 1453 1163 1529 accedente,

143 1550 422 1633 neimpedimento
439 1570 549 1613 essem.
575 1552 620 1613 At
637 1549 686 1613 illc
700 1551 785 1627 aze-aa)
806 1562 916 1614 contra
931 1572 1012 1634 saepe
1026 1552 1162 1615 fortuito

145 1653 253 1735 aliquo
282 1670 420 1715 occursu
441 1661 569 1726 nactus,
599 1650 693 1725 ades,
724 1649 845 1734 inquit,
875 1651 993 1735 aliquid
1014 1656 1164 1717 horarum

141 1752 253 1817 studiis
276 1749 396 1813 nostris
418 1746 621 1813 subturabor.
660 1758 816 1816 Ferobino
833 1763 971 1817 Hutteno
991 1754 1074 1816 affin
1090 1776 1165 1817 meo

138 1855 176 1917 in
202 1853 363 1937 quendam
384 1851 553 1913 doctorum
575 1851 737 1913 hominum
761 1865 953 1917 conventum
974 1854 1167 1935 producenti

140 1973 209 2028 me,
229 1972 267 2015 ac
283 1950 420 2015 dicentia
445 1949 497 2013 hie
515 1961 563 2012 est
579 1972 666 2013 incus
685 1960 852 2031 Itelvolse,
880 1965 912 2015 at
930 1975 995 2016 non
1012 1954 1114 2018 miuus
1134 1966 1168 2018 et

144 2073 233 2117 meus
256 2052 321 2125 ait,
347 2052 387 2115 ad
406 2050 585 2115 animorum
600 2049 860 2132 conjunctionem
884 2056 1046 2132 referens,
1077 2058 1168 2140 quod

141 2154 193 2215 ille
208 2152 251 2217 dc
269 2150 433 2232 sanguinis
451 2149 686 2233 propinquitate
705 2153 948 2236 significaverat.
983 2156 1168 2240 Aliquando

146 2254 185 2314 ab
204 2260 334 2317 Aaou
364 2250 509 2334 principe
535 2253 674 2317 intineris
705 2256 777 2317 loco
801 2253 876 2329 ,CC.
908 2277 1024 2319 aureos
1053 2258 1168 2319 adme

146 2352 307 2427 reserens,
330 2353 382 2417 dat
401 2354 481 2426 boe,
513 2352 628 2436 inquit,
661 2354 758 2416 literis
775 2356 838 2416 tuis
856 2356 1016 2438 princepe.
1070 2355 1170 2419 Simul

148 2452 183 2515 in
208 2455 280 2515 aula
302 2454 405 2515 loctnn
432 2452 671 2533 impetraverat,
717 2454 774 2514 ubi
798 2474 840 2515 ex
869 2456 957 2517 ltalia
994 2454 1171 2517 rediissem.

146 2553 320 2617 rimabatur
336 2553 376 2615 ab
395 2572 436 2616 eo
454 2551 597 2634 principe
621 2552 794 2615 admodum
820 2552 932 2627 unice,
950 2554 1050 2615 lectus
1071 2554 1114 2614 ob
1137 2554 1172 2617 id
1266 2596 1271 2605 -

146 2656 221 2717 aule
249 2651 434 2735 prefectu,
473 2662 662 2735 poteratque
696 2652 780 2733 apud
810 2651 896 2715 illum
927 2662 963 2713 ut
990 2653 1171 2735 paucissimi

146 2754 288 2815 multum.
325 2751 524 2834 Diligebatur
544 2765 576 2815 et
600 2752 763 2817 aCaesare
783 2762 1034 2819 Maximillam.
1082 2755 1171 2825 Mar·

148 2850 270 2915 ebionis
294 2860 460 2917 Joaclu'mt
488 2852 584 2915 rebus
610 2874 725 2935 magno
756 2854 940 2934 adjumento
969 2854 1041 2917 luit.
1093 2856 1172 2917 Erat

146 2952 263 3015 laboris
278 2952 381 3015 omnis
400 2952 660 3033 patientissimus,
681 2964 712 3015 et
728 2956 841 3037 agebat
858 2954 964 3017 omnia
980 2955 1170 3033 indefessus,

148 3072 255 3135 neque
273 3050 342 3116 lere
362 3051 501 3115 cessabat
518 3072 668 3135 unquam.
709 3054 750 3115 Et
767 3056 829 3115 boe
847 3066 911 3128 est,
936 3074 996 3117 cur
1017 3055 1171 3117 valetudi-

148 3173 221 3215 nem
235 3152 421 3235 negligeret.
460 3149 564 3232 Cujus
579 3172 658 3234 crgo
679 3151 812 3214 tidelitcr
831 3173 849 3213 a
864 3153 1001 3214 Medicis
1019 3159 1171 3219 moneba-

148 3263 202 3315 tur
219 3264 252 3315 et
274 3253 483 3315 obsecuturus
506 3262 590 3325 erat,
616 3251 644 3314 si
662 3251 741 3333 quid
759 3271 884 3326 amore,
911 3250 956 3311 sic
972 3253 1076 3314 affecti
1094 3273 1172 3333 erga

148 3374 185 3417 se
194 3353 345 3437 principis
357 3352 510 3434 potuisset
521 3351 697 3434 quiescere.
735 3351 834 3414 Nimis
847 3351 1016 3434 putabatur
1032 3370 1171 3417 uxortua

146 3454 286 3537 imperiis
307 3451 486 3527 obnoxius,
520 3451 563 3513 ob
586 3449 766 3513 facilitatem
784 3465 913 3515 naturae.
958 3452 997 3515 ln
1014 3452 1169 3533 eligendis

148 3554 272 3629 amicis,
291 3553 428 3635 primum
441 3562 473 3611 et
488 3548 622 3613 maxime
644 3550 802 3614 literarum
812 3553 950 3615 claritate
964 3553 1169 3628 movebatur,

150 3666 183 3715 et
198 3653 341 3717 lacillime
353 3655 447 3714 talem
461 3650 639 3734 quempiam
651 3651 833 3732 accipiebat.
871 3653 910 3715 ln
922 3654 1036 3717 delitiis
1051 3654 1168 3727 habuit,

149 3753 176 3815 si
201 3754 291 3837 quod
314 3754 355 3815 ad
380 3774 415 3815 se
444 3772 586 3824 carmen,
617 3761 670 3811 aut
694 3750 721 3812 si
744 3772 809 3833 qna
830 3753 962 3834 epistola
988 3775 1006 3816 a
1031 3752 1169 3818 doctiori
1254 3763 1256 3767 '

146 3856 275 3919 bomine
301 3852 505 3917 scriberetur.
542 3848 676 3912 Memini
698 3851 856 3932 quendam
880 3873 923 3914 ex
949 3852 1055 3923 aulicis
1080 3850 1169 3915 nobi·

145 3955 220 4031 ten,
229 3948 1169 4039 magnumaliqnidnuntiantem,aliquam‹liususpendere†)

147 4053 227 4115 dum
249 4074 377 4131 cannen
403 4056 552 4128 Boeotii,
590 4050 680 4134 quod
700 4073 719 4114 a
743 4071 793 4114 mc
814 4051 971 4114 redditum
989 4060 1168 4131 occeperat,

147 4152 265 4217 iterum
289 4165 387 4238 atque
408 4151 523 4215 iterum
542 4153 726 4234 pellegcret.
766 4151 852 4230 Quid
875 4150 909 4214 in
930 4151 1068 4235 quom
1085 4149 1171 4215 illum

181 4380 214 4450 ⁸)
231 4394 397 4440 amlauertt.
415 4391 543 4439 simularet.
579 4380 620 4441 “l
637 4393 808 4439 collocutloul.
826 4390 995 4439 collocutione.
1030 4380 1094 4450 Ψ)
1105 4392 1168 4449 lpse.

183 4486 229 4523 nt.
264 4469 342 4531 Μ’)
359 4478 489 4535 tttraipae.
523 4476 551 4529 t)
569 4478 720 4535 munandin
738 4478 890 4529 suspendere.
910 4474 1069 4535 inpendisse.
