2624 5108
488 782 527 860 in
551 781 702 859 Tuscae.
858 754 863 767 ’
1034 776 1105 862 ltl

84 981 220 1056 habere,
248 999 341 1063 quam
365 978 417 1040 ille
445 996 505 1039 vos
533 975 716 1058 repentinus
748 977 844 1041 turbo
870 975 1018 1058 impetat?
1052 975 1107 1041 nu

82 1083 117 1145 in
149 1102 208 1143 vos
241 1081 327 1141 omni
355 1077 547 1161 cogitatione
577 1076 721 1141 velocior
753 1081 890 1160 procella
923 1079 1018 1142 ruat?
1058 1081 1109 1142 Ac

84 1182 190 1244 videte
224 1201 265 1241 ne
294 1200 375 1262 quos
408 1176 473 1242 aliis
499 1177 650 1241 nixilium
678 1177 766 1241 ferre
794 1179 914 1262 piguit,
953 1180 984 1241 hi
1016 1179 1108 1245 nimis

87 1281 174 1343 tardo
188 1279 312 1361 imperii
331 1276 425 1360 hujus
446 1277 594 1360 reliquias
613 1280 821 1342 conservandi
836 1299 871 1343 ac
888 1282 1012 1343 tuerulaa
1027 1282 1109 1346 Ger·

86 1382 194 1444 maniae
217 1381 384 1444 consilium
403 1378 522 1441 ineatis.
561 1380 641 1441 Nam
661 1402 731 1463 quea
751 1392 825 1442 sunt
849 1402 982 1464 usquam
1008 1383 1110 1444 muni·

84 1481 208 1557 tiones,
234 1502 295 1561 per
312 1502 389 1564 quas
410 1478 526 1547 illesic
544 1490 683 1556 paratus,
704 1478 750 1542 sic
770 1479 926 1544 accinctus
945 1480 1060 1561 hostis,
1082 1483 1109 1545 si

83 1581 180 1647 hodic
206 1581 298 1656 velit,
325 1603 392 1643 uon
419 1578 590 1660 irrumpat?
627 1579 693 1641 Aut
721 1601 791 1661 quae
818 1593 921 1661 parata
948 1569 1110 1662 praesidia,

86 1683 203 1765 ‹pribus
231 1683 257 1744 si
288 1680 438 1764 irruperit
467 1680 664 1762 expellatur?
702 1682 745 1741 Et
775 1681 927 1744 facessant
953 1682 1014 1744 hic·
1036 1682 1112 1746 mihi

85 1782 216 1865 quidam
235 1806 275 1845 cx
298 1782 411 1845 infimis
432 1781 543 1843 restris
563 1780 816 1856 consultoribus,
840 1783 988 1866 quasdam
1003 1784 1111 1860 silvas,

87 1884 241 1964 quosdam
255 1901 500 1951 commemorare
517 1890 639 1943 montes
648 1925 657 1956 ,
678 1881 826 1964 quasdam
841 1884 981 1963 paludes.
1020 1885 1113 1966 lgna·

87 2004 204 2044 sorum
224 1993 297 2046 sunt
317 1983 389 2055 ista,
421 2002 486 2041 uon
504 1979 647 2043 fortium.
693 1982 813 2064 Fugam
828 1983 858 2054 ⁵²³)
879 1983 1111 2061 meditantium,

86 2105 154 2146 non
171 2105 324 2164 pugnam,
352 2084 525 2156 latronum,
556 2101 621 2142 non
640 2080 834 2145 bellatorum.
885 2082 1008 2159 Quibus
1028 2104 1112 2165 ego,

87 2185 347 2267 quandoquidem
375 2182 504 2244 omniuo
530 2193 619 2258 sunt,
656 2182 773 2266 quibus
800 2183 857 2244 ista
882 2180 995 2242 insedit
1014 2181 1113 2261 turpi·

87 2284 182 2355 tudo,
224 2283 389 2344 moliorem
422 2303 438 2344 a
468 2281 595 2346 Christo
620 2284 695 2364 Opt.
720 2281 863 2344 Maximo
881 2281 931 2356 se)
958 2291 1112 2357 mentem,

83 2392 139 2442 etit
163 2381 189 2442 si
212 2380 306 2460 hujus
331 2401 459 2462 capaces
479 2404 544 2444 nou
562 2395 651 2457 sum,
693 2380 825 2464 aliquam
844 2401 959 2462 precor
980 2381 1114 2445 subitum

89 2491 223 2543 mortem
251 2503 291 2543 nc
319 2483 473 2562 supersit,
515 2480 608 2563 eujus
632 2483 750 2563 ignavo
778 2480 912 2547 oonsilio
940 2501 992 2543 rcs
1019 2479 1112 2543 uobis

89 2582 296 2660 pulcherrima
314 2581 551 2657 intervertatur,
577 2603 612 2644 ac
634 2583 692 2644 ista
709 2582 782 2643 huic
801 2580 920 2644 nationi
937 2590 1114 2643 succrescat

89 2680 229 2756 infamia,
268 2693 304 2743 ut
334 2681 417 2745 aliud
446 2683 588 2745 maluisse
619 2681 758 2744 dicemur
789 2703 882 2765 quam
908 2682 1041 2755 bellum,
1081 2691 1114 2742 et

88 2793 220 2860 repente
248 2783 383 2858 bellum,
425 2805 459 2846 ac
489 2794 595 2865 aperte
625 2784 751 2846 bollum.
801 2781 944 2845 Proinde
971 2781 1114 2844 desinant

89 2881 232 2961 quidam,
262 2885 288 2946 si
309 2885 354 2947 sic
378 2884 484 2960 cadat,
520 2884 627 2963 fugam
647 2883 707 2945 sihi
727 2883 923 2965 prospicere.
961 2881 1115 2945 Desinant

86 2981 144 3043 ista
168 2983 308 3063 cogitare
329 2985 464 3049 latibula.
509 2985 629 3046 Eadem
654 2986 746 3059 mala,
776 2995 809 3046 et
833 2972 889 3067 q'au
910 2983 1114 3066 pugnabunt,

86 3091 118 3142 et
142 3082 198 3162 qui
218 3084 359 3163 fugient,
389 3084 551 3167 proposita
579 3084 639 3147 sibi
668 3083 883 3157 meminerint,
917 3104 984 3145 non
1006 3084 1115 3146 cedem

86 3180 180 3242 bona.
222 3184 496 3264 Qtranquam-non
520 3184 630 3246 eadem
650 3184 743 3248 etiam
762 3186 849 3247 mala.
893 3184 971 3246 Nam
991 3193 1025 3244 ut
1043 3182 1113 3247 illos

88 3301 146 3343 sua
166 3301 289 3362 semper
307 3281 408 3362 gloria
428 3280 585 3365 excipiet,
606 3283 700 3346 etiam
718 3286 818 3361 salus,
838 3283 865 3347 si
885 3303 945 3346 uos
964 3303 1115 3362 respexe-

88 3382 131 3444 rit
155 3383 260 3456 Deus,
287 3381 329 3442 ita
347 3383 406 3444 hos
424 3381 614 3466 ignominia,
646 3385 785 3448 dedecus
808 3395 839 3446 et
859 3382 985 3446 iufamia
1003 3402 1115 3462 prose-

88 3494 221 3562 quetur,
243 3481 334 3543 vivos
354 3503 390 3543 ac
407 3495 567 3560 mortuos,
594 3495 626 3545 ct
644 3485 829 3568 quicunque
847 3496 982 3548 eventus
998 3483 1114 3560 fuerit,

89 3580 222 3642 duriora
241 3581 362 3656 omnia,
383 3584 524 3662 turpiora
543 3605 579 3644 ac
601 3584 685 3646 foeda
703 3585 812 3666 magis.
851 3584 950 3648 Certe
970 3604 1115 3667 magnam

88 3680 219 3744 miserie
245 3695 365 3763 partem
387 3683 510 3746 auferet
533 3684 583 3746 illa
608 3683 733 3746 virtutis
760 3683 952 3745 recordatio.
1000 3685 1114 3764 Neque

88 3780 191 3844 deerit
219 3782 296 3846 forti
321 3784 486 3868 uuquam,
524 3784 551 3844 si
572 3781 739 3857 ceciderit,
773 3801 839 3864 quo
863 3802 898 3843 se
920 3783 1114 3844 consoletur.

88 3881 169 3943 Nam
185 3893 216 3943 et
234 3884 401 3959 restitisse,
428 3895 461 3946 ct
482 3902 654 3966 pugnasse,
683 3893 717 3943 et
733 3901 794 3963 pro
813 3881 913 3960 patria
936 3898 1112 3961 pugnasse,

89 3992 121 4042 et
140 4003 204 4042 non
218 3984 440 4059 succubuisse,
461 4006 521 4047 nec
535 3986 627 4046 ullum
641 3983 749 4046 tulisse
765 3980 1001 4060 indignitatem,
1021 3977 1114 4040 etiem

89 4081 207 4165 aliquid
222 4083 306 4144 forte
320 4085 451 4166 dignum
467 4082 634 4158 memoria,
655 4083 787 4165 dignum
802 4082 894 4144 laude
909 4078 1113 4156 commisisse,

88 4202 125 4242 ac
151 4183 359 4263 quantumin
386 4206 421 4247 se
449 4184 547 4248 fuerit
575 4204 742 4265 superasse
769 4180 937 4271 gaudebit,
970 4190 1004 4243 ut
1025 4181 1114 4265 quod

98 4325 290 4345 -——-

68 4459 72 4466 ,
122 4385 151 4445 ⁴)
168 4397 203 4458 r,
222 4399 247 4443 r.
281 4387 331 4458 u)
350 4397 450 4447 cutm
469 4400 525 4456 opt.
543 4402 633 4460 nas..
649 4400 701 4448 nus
721 4399 899 4448 immoturus
