2624 5108
143 852 190 925 to
418 849 473 923 Aa
496 849 641 924 Ludos.
663 801 864 927 Burrenum

144 1044 203 1128 qui
218 1063 285 1108 non
299 1041 436 1108 obscure
450 1053 591 1106 voveant
605 1042 697 1107 telem
711 1055 862 1119 mortem,
880 1065 940 1124 pro
955 1044 1154 1109 diuturniore

145 1145 220 1207 vita.
237 1145 320 1209 Cum
326 1143 476 1207 incertam
484 1141 542 1205 tibi
549 1154 695 1207 notorum
702 1144 796 1208 vitain
807 1148 1013 1226 proposueris
1020 1168 1153 1228 semper,

145 1257 262 1307 certam
297 1264 333 1306 oe
363 1244 524 1327 ingentem
554 1241 718 1322 cepisti-*l
745 1246 879 1309 laudent.
939 1245 1027 1328 Quid
1056 1249 1153 1311 velles

143 1344 299 1424 emplius?
338 1346 403 1408 Aut
429 1363 527 1425 spiare
554 1344 612 1405 bac
638 1342 786 1408 felicitate
816 1357 982 1410 contentus
1011 1368 1077 1410 non
1108 1368 1154 1426 es,

144 1462 218 1507 cum
238 1442 350 1525 pejora
369 1444 473 1519 ferre,
501 1443 528 1506 si
546 1440 726 1506 evenissent
746 1440 950 1526 oportuerit?
989 1449 1031 1509 Et
1049 1446 1157 1515 tibisi

145 1545 235 1624 optio
256 1544 328 1605 data
349 1543 476 1618 iniisset,
496 1541 605 1609 nescio
629 1541 709 1624 quid
725 1545 882 1623 potuisses
898 1548 1009 1611 melius
1025 1548 1156 1632 eligere.

144 1645 225 1707 Tem
243 1642 373 1707 difficilis
392 1654 441 1706 est
458 1653 586 1719 namra,
610 1653 672 1705 tam
695 1643 851 1708 vadabilis
869 1646 1017 1723 fortium,
1046 1660 1084 1710 ut
1102 1647 1156 1712 cni

141 1744 344 1811 mediocriter
370 1744 455 1807 bom
477 1742 646 1818 eveniunt,
672 1742 733 1806 nisi
754 1764 817 1824 pro
840 1746 966 1826 optimis
985 1747 1153 1826 accipiens,

142 1847 215 1911 Deo
235 1845 284 1921 ω)
310 1845 470 1909 bonorum
495 1843 619 1907 authori
647 1843 761 1925 gratias
790 1856 877 1928 agat,
908 1844 1049 1927 ingratus
1080 1866 1154 1910 ceu·

142 1945 206 2009 seri
224 1944 348 2008 debeat.
384 1943 460 2007 Non
477 1943 625 2007 existimo
639 1954 729 2007 tuum
744 1944 859 2022 lilium,
877 1943 907 2013 si
919 1945 1040 2030 aliquot
1054 1968 1155 2013 annos

142 2043 388 2126 supervixisset,
406 2036 599 2109 deteriorem
613 2043 766 2107 tutumn.
804 2046 870 2110 Sed
881 2047 1048 2110 consuevit
1064 2060 1155 2111 vem-

142 2157 221 2210 state
246 2144 345 2228 gratia
370 2143 534 2208 auenuari.
570 2143 691 2206 itonam
714 2143 815 2229 igitur¹
834 2147 923 2223 dico,
953 2158 985 2210 et
1008 2146 1155 2224 feliciter,

143 2260 175 2311 et
184 2256 293 2327 optato
305 2258 449 2326 tempore
461 2243 631 2321 occidisse,
648 2255 724 2316 tunc
736 2266 808 2309 cum
818 2245 1003 2327 mplissima
1015 2247 1157 2311 omnium

142 2347 336 2429 exspectatio
366 2345 400 2408 in
428 2344 516 2408 illum
548 2341 694 2425 conjecta
716 2357 784 2410 eret
797 2347 881 2424 W),
919 2368 991 2411 cnm
1020 2348 1155 2411 maxime

141 2448 262 2523 bonius,
293 2446 428 2511 maxime
453 2446 493 2509 ab
519 2446 664 2511 omnibu
689 2458 854 2512 emarcum.
898 2445 1002 2529 Cujus
1028 2447 1154 2521 ubertis

141 2550 169 2617 ei
188 2572 252 2634 qua
278 2549 401 2613 satietas
423 2547 625 2631 contigisset,
655 2568 721 2609 non
745 2560 864 2611 tautum
888 2549 939 2612 sui
964 2548 1155 2612 desiderium

141 2650 329 2734 reliquisset.
382 2649 552 2731 Nuncquid
585 2649 645 2711 boc
679 2650 780 2710 solum
814 2649 961 2729 optabas,
1000 2647 1156 2730 consequi

141 2763 231 2814 tuum
257 2750 372 2825 lilium,
403 2749 430 2813 si
449 2761 575 2811 ceritum
594 2768 693 2812 annos
712 2748 853 2811 victurus
872 2749 979 2811 esset?
1017 2749 1155 2829 Optabas

141 2864 238 2915 certe.
277 2851 399 2911 Verum
425 2848 477 2911 ille
502 2848 629 2912 breuius
656 2848 797 2911 mantlata
821 2848 969 2911 condecit.
1008 2851 1082 2910 Non
1108 2859 1157 2913 est

142 2974 200 3015 cru
213 2961 347 3012 mortem
366 2968 504 3011 accerses.
541 2950 617 3031 Quae
634 2948 783 3030 cupiebas
799 2948 990 3012 vitiemunie
1005 2948 1155 3030 implevit.

142 3049 280 3114 Minoris
300 3068 393 3133 quam
413 3059 449 3110 tu
467 3048 614 3123 volebas,
635 3048 668 3110 id
683 3049 771 3130 quod
787 3048 934 3123 volebas,
953 3049 1157 3129 comparavit.

142 3149 216 3216 Noli
243 3170 335 3213 orare
362 3152 488 3233 longam
517 3149 613 3212 vitam
638 3147 686 3223 ei,
723 3148 775 3210 eui
801 3149 907 3211 brevis
934 3160 997 3213 tam
1023 3149 1157 3212 feliciter

142 3250 285 3334 contigit.
332 3252 386 3315 Au
410 3262 459 3312 tot
486 3250 573 3331 prius
599 3270 766 3325 aerumnas,
801 3260 847 3313 tot
871 3250 1075 3324 salernitates,
1107 3259 1157 3311 tot

142 3352 236 3416 animi
257 3372 294 3414 ac
318 3349 464 3429 eorporis
488 3347 661 3425 molestias,
692 3350 823 3412 morbos
842 3369 877 3410 ac
895 3351 1040 3424 dolores,
1071 3360 1104 3413 et
1123 3347 1158 3411 id

142 3471 244 3535 genus
262 3453 356 3523 mala,
382 3449 409 3510 si
428 3449 621 3511 exhausisset
638 3450 742 3530 prius,
761 3448 934 3512 beatiorem
953 3460 1097 3529 putares,
1118 3470 1158 3511 ac

142 3552 184 3613 de
201 3561 303 3613 morte
321 3549 424 3611 minus
449 3549 615 3632 quaerere?
653 3550 774 3612 Tecum
794 3548 862 3629 ipse
881 3551 945 3611 baec
964 3559 1098 3629 reputa,
1118 3570 1159 3612 ao

141 3668 210 3715 rem
233 3647 417 3724 considera,
449 3661 483 3709 et
506 3648 587 3711 aude
612 3670 677 3711 non
701 3670 932 3729 supervacuum
955 3650 1049 3713 istum
1065 3660 1159 3714 tuum

141 3753 259 3813 luenun
278 3749 394 3812 dicere.
433 3751 621 3833 &aequm
639 3760 686 3812 cst
705 3768 762 3811 cur
781 3752 888 3831 lugeas
908 3772 1016 3826 causa,
1045 3771 1103 3813 cur
1121 3749 1158 3813 in

141 3853 227 3913 luctu
246 3849 388 3913 derideas
407 3870 474 3912 uon
492 3862 551 3912 est·
588 3851 796 3912 Exaeerbasit
824 3852 885 3912 hoe
909 3849 1043 3913 lortossc
1066 3861 1158 3914 tuum

77 3988 80 3996 ,
142 3951 303 4027 dolorem,
333 3953 422 4034 quod
441 3962 580 4014 atrocem
598 3950 632 4013 iu
650 3952 779 4014 modum
797 3961 830 4018 et
848 3949 950 4013 multis
970 3949 1155 4014 vulneribus

142 4064 190 4117 est
212 4052 377 4115 confectus
399 4052 497 4127 Μ).
545 4050 663 4113 Desine
688 4051 865 4112 macerandi
891 4062 922 4113 te
948 4071 1056 4113 causus
1085 4050 1155 4132 ipsc

141 4174 292 4237 querere.
324 4152 522 4231 Properate,
540 4150 603 4213 boc
616 4149 724 4213 mortis
739 4161 804 4226 cst,
822 4171 889 4213 non
905 4150 987 4213 aucti
998 4150 1154 4232 supplicii.

176 4383 207 4452 ⁴)
229 4394 330 4447 cerlstt,
348 4387 432 4436 tulisti.
479 4379 524 4449 **)
537 4391 589 4437 Deo
601 4413 633 4423 -
643 4390 753 4438 outdort.
770 4390 820 4439 Diis
832 4390 976 4437 authoribus.
1011 4379 1076 4452 Ψ)
1087 4396 1151 4437 eret.

175 4478 247 4523 essct.
285 4466 367 4535 Μ’)
386 4476 523 4527 consectus.
540 4475 677 4527 truncatus.
