2624 5108
198 886 269 959 eto
644 876 775 953 Nemo.

197 1090 234 1138 ae
248 1072 353 1138 multia
382 1068 483 1134 citetis
509 1068 674 1134 etttoribua
693 1068 884 1152 subjiceret,
914 1078 947 1132 et
963 1073 1154 1133 Alexander
1179 1074 1220 1132 de

196 1184 302 1241 [mola
321 1192 358 1234 ac
383 1192 536 1254 sequaces
568 1160 744 1234 conemur
777 1171 817 1235 ad
842 1171 1025 1252 proximum
1055 1170 1219 1254 meminit,

196 1275 268 1359 quie
287 1275 340 1337 ille
359 1283 444 1336 eeeet
464 1290 626 1354 eequeeea.
664 1271 799 1335 Puumt
816 1270 901 1334 enim
918 1293 962 1335 ex
978 1270 1219 1335 Gloeaatoribua

193 1374 251 1437 tuti
271 1364 428 1457 septunces
446 1390 564 1437 nomen
586 1392 668 1435 esee.
717 1374 761 1437 At
785 1372 869 1435 idem
893 1372 963 1448 itte,
994 1371 1096 1455 qualia
1116 1371 1219 1456 qua'ia

192 1485 259 1550 eet,
284 1495 389 1554 nuper
413 1493 456 1534 ex
476 1471 565 1535 ltalia
581 1472 696 1548 rediit,
730 1472 818 1537 tibris
835 1492 873 1534 aa
890 1471 1032 1535 vestibus
1050 1472 1217 1551 splendide

190 1572 379 1649 instruetur,
417 1584 450 1635 et
476 1583 560 1637 mter
592 1573 752 1637 nouom
779 1584 979 1647 numeratur,
1015 1593 1052 1636 ac
1080 1592 1131 1637 me
1158 1571 1215 1656 qui

190 1675 303 1737 metim
321 1674 413 1755 capio
434 1673 585 1737 Jaeonem
602 1684 677 1756 pou
693 1684 820 1753 tergum
842 1672 1001 1757 relinquit.
1040 1673 1071 1737 0
1091 1692 1215 1748 morea,

189 1792 213 1837 ο
230 1774 353 1851 studia,
386 1796 408 1837 a
433 1774 587 1856 temporit
612 1770 707 1853 huju·
725 1775 844 1855 eapite,
870 1773 1042 1856 quinutu
1062 1774 1215 1856 abstergi·

188 1894 258 1937 mua
277 1872 426 1951 nebulae,
458 1887 492 1938 et
512 1873 683 1957 aliquando
707 1895 819 1938 verum
844 1874 1021 1938 iutuemur!
1053 1876 1097 1939 m
1121 1872 1215 1937 vurta

187 1972 315 2039 interim
335 1996 377 2037 ex
397 1976 462 2038 suia
489 1976 551 2039 eibi
579 1976 632 2039 iati
653 1974 886 2039 commentariis
905 1974 1047 2055 plaeent,
1073 1976 1216 2039 mutium

187 2073 330 2157 alioquin
349 2076 530 2152 tractabile,
550 2075 637 2139 omni
656 2076 789 2159 ealigine
809 2076 1032 2153 involventee,
1050 2096 1087 2139 ae
1104 2074 1213 2139 Cime-

184 2173 243 2237 riie
277 2176 371 2255 plane
405 2176 545 2241 tenebris
579 2175 748 2241 obaeuriue
776 2176 968 2253 reddentee,
1008 2196 1142 2259 quarum
1174 2186 1212 2238 ut

186 2274 371 2339 densiorem
412 2277 485 2361 quie
513 2276 694 2351 *nebulam
740 2276 891 2340 atriorem
933 2286 1077 2351 nouem,
1101 2274 1213 2339 -libria

185 2374 384 2459 digestorum
404 2376 571 2441 admolitue
590 2389 657 2451 eat,
681 2377 726 2439 ita
742 2397 805 2457 pro
829 2376 960 2439 elaeeieo
987 2386 1099 2441 eutem
1127 2378 1215 2441 aele-

184 2475 311 2553 bretm·‚
343 2490 376 2541 et
400 2478 435 2543 in
459 2477 668 2543 admiratione
694 2476 839 2540 habetur.
883 2473 987 2556 cujus
1010 2475 1096 2539 enim
1124 2478 1215 2541 luen·

184 2576 386 2642 brationibue
405 2602 473 2643 nun
493 2581 671 2644 antefertur
689 2588 866 2643 Accurriue
882 2575 1031 2659 quidam,
1057 2597 1101 2639 ex
1120 2575 1214 2657 eujua

184 2679 389 2743 tenebricoso
416 2680 548 2763 ingenio
579 2681 631 2743 hie
658 2679 780 2741 offuaue
804 2687 855 2742 eet
880 2676 953 2741 turi
981 2676 1069 2741 etuti
1095 2676 1213 2742 tuum.

185 2778 261 2841 Non
280 2778 399 2859 injuria
417 2779 515 2861 igitur
533 2779 703 2843 miserebat
721 2790 753 2840 te
772 2777 848 2841 olim
864 2777 944 2853 mei,
963 2776 1017 2841 eui
1036 2790 1072 2841 ut
1090 2777 1214 2842 studio·

184 2896 240 2941 eut
271 2900 391 2951 essem,
439 2879 480 2941 ad
509 2877 692 2959 hujusmodi
722 2878 861 2940 studium
886 2877 1109 2943 divertendum
1133 2888 1215 2939 arat.

185 2978 266 3040 Tam
293 2977 471 3041 ineonmtu
504 2991 579 3041 eum
607 2977 772 3042 hominum
804 2998 903 3059 super
930 2976 1073 3041 humanis
1098 2975 1214 3041 auidiis

181 3077 324 3139 comitia.
374 3078 484 3158 Quare
514 3090 552 3141 ut
579 3078 656 3142 mihi
685 3078 831 3153 videtur,
870 3078 928 3162 qui
962 3079 1104 3158 mgenuo
1136 3089 1217 3142 aunt

182 3175 306 3254 animo,
334 3198 371 3241 ae
389 3188 476 3241 reete
495 3178 618 3252 libero,
653 3178 760 3241 omniu
778 3178 900 3255 malint,
933 3199 1028 3263 mrum
1047 3176 1082 3240 in
1098 3179 1156 3241 tus
1176 3199 1215 3241 ee

181 3276 350 3342 demittere
364 3279 486 3341 eunies.
524 3279 602 3341 Hae
618 3298 698 3359 ergo
716 3300 864 3343 accusare
880 3280 915 3343 in
932 3279 1009 3354 illia,
1030 3300 1216 3362 quanquam

181 3378 379 3462 iniquissima
406 3388 497 3450 sunt,
533 3397 600 3438 non
627 3398 754 3455 aueum,
787 3379 851 3444 nisi
878 3379 1011 3459 repetita
1034 3378 1083 3441 bie
1110 3380 1214 3443 venia

181 3478 336 3560 petitione
361 3475 527 3555 praetauu,
559 3477 719 3543 dicturum
738 3501 806 3555 nte,
841 3480 931 3565 quod
956 3499 1051 3542 nemo
1077 3482 1212 3558 sentiat,

180 3596 218 3638 aa
236 3574 313 3636 nihil
332 3576 500 3640 dicturum.
539 3577 654 3642 Sumus
674 3580 761 3643 euim
778 3582 873 3658 nihil,
894 3592 1004 3658 crota,
1024 3576 1099 3643 'nec
1122 3582 1214 3666 priua

179 3670 356 3735 desinimus
383 3676 457 3739 nihil
479 3698 568 3756 esee,
600 3701 697 3764 quiam
722 3680 859 3765 aliquam
884 3682 978 3747 nobie
1005 3682 1039 3745 iu
1066 3685 1124 3747 itae
1144 3682 1214 3747 Co·

180 3772 295 3836 tttoedia
317 3796 485 3855 personam
513 3802 718 3844 aestimamus.
762 3786 951 3865 Quanquam
974 3781 1035 3845 uisi
1061 3783 1211 3845 obessent

179 3872 256 3937 mihi
285 3874 399 3952 litera,
429 3891 574 3960 poteram
599 3882 672 3945 satie
694 3892 880 3945 reverenter
899 3885 1010 3966 Eques
1031 3882 1210 3945 Germanum

180 3975 326 4050 mutari,
347 3988 379 4039 et
390 3988 426 4041 tu
437 3982 611 4045 sacerdotis
626 3984 835 4063 appellatione
846 3983 921 4047 entia
932 3985 1110 4048 honoratus
1127 4002 1212 4059 erae,

179 4074 243 4139 nisi
274 4088 305 4139 et
347 4090 462 4156 prater
501 4092 685 4164 equestrem
722 4083 907 4166 dignitatem
941 4103 1013 4148 eeae
1044 4093 1213 4167 putaretur

179 4174 285 4239 iiteraa
304 4176 445 4255 discere,
475 4191 509 4243 et
532 4182 659 4261 penitus
685 4183 762 4247 nihii
785 4196 949 4265 euperem,
981 4184 1038 4268 qui
1064 4205 1101 4249 ee
1119 4184 1214 4249 vaide

180 4276 243 4339 hue
271 4280 387 4341 sacruto
414 4288 525 4360 putant
552 4299 674 4362 sapere.
723 4284 767 4359 Hi
791 4296 883 4361 aunt,
919 4286 978 4371 qui
1004 4305 1078 4349 aum
1105 4284 1213 4349 literae

180 4375 347 4461 ignorent,
386 4378 555 4443 comitium
587 4391 691 4447 tamen
723 4383 817 4451 nobit
847 4387 940 4462 daut,
972 4384 1053 4470 quid
1084 4384 1214 4451 ‹tteoere

179 4488 344 4561 oporteat,
364 4490 397 4541 et
414 4480 593 4545 studiorum
613 4502 765 4549 censeret
782 4496 899 4571 agunt,
919 4506 1062 4569 quorum
1081 4486 1211 4551 atitulie
