2624 5108
435 839 439 845 .
508 874 636 950 Oratio
660 872 791 949 Prima.
1118 886 1158 953 81

142 1074 233 1150 lecit,
263 1072 349 1135 nulle
372 1074 567 1153 proroeatus
594 1060 726 1149 injurie,
756 1066 841 1129 nulla
864 1068 1025 1135 lacessitus
1052 1082 1165 1137 eontu-

141 1176 253 1249 melin,
273 1175 361 1235 nullo
381 1169 509 1254 jurgio,
528 1170 613 1231 nulia
630 1168 845 1232 intercedente
870 1168 1000 1235 offensa.
1039 1174 1108 1235 Nee
1130 1184 1168 1237 ut

143 1274 329 1339 Alexander
348 1272 397 1335 M.
419 1271 513 1347 olim,
540 1270 666 1345 ebrius,
695 1271 805 1334 sedet
825 1269 945 1348 siccus,
973 1282 1005 1333 et
1028 1274 1167 1339 sobrius.

146 1378 218 1437 Nee
245 1372 409 1455 repentina
437 1371 540 1455 aliqua
571 1370 666 1433 arrimi
696 1373 931 1449 commotione,
970 1373 1028 1435 sed
1054 1374 1095 1437 de
1120 1374 1172 1438 in·

149 1468 268 1537 dustria
277 1478 319 1551 ⁴⁴),
328 1473 471 1535 consulte
481 1517 490 1548 ,
502 1483 535 1535 et
546 1471 787 1553 premeditatus.
803 1476 899 1539 Adde
907 1476 996 1558 quod
1010 1475 1044 1537 in
1055 1476 1170 1551 officio,

150 1588 185 1638 et
202 1594 277 1638 enm
299 1574 361 1637 sibi
375 1583 497 1654 pareret
515 1570 810 1654 obsequentissime.
826 1586 829 1591 ’
846 1574 972 1639 Deinde
987 1575 1088 1639 filium
1099 1574 1172 1654 eius

149 1676 264 1759 patris,
283 1692 380 1757 aspro
390 1692 467 1753 ope,
484 1692 521 1734 se
531 1671 645 1754 opibus
657 1684 723 1734 erat
735 1671 879 1753 acljutus,
890 1676 925 1737 in
932 1677 1175 1755 contumeliam,

146 1798 184 1839 ae
202 1772 346 1839 dedecus
359 1770 429 1853 ejus
444 1771 584 1846 ordinis,
607 1794 702 1853 quem
712 1776 806 1853 paulo
817 1786 889 1837 ante
902 1790 1175 1859 propugnatorem

147 1876 308 1961 dignitatis
329 1896 412 1951 sares,
434 1884 694 1937 conservatorem
714 1874 803 1949 rita,
828 1894 867 1936 ee
884 1874 1087 1941 fortunarum
1108 1899 1175 1941 om·

151 1978 241 2041 nium
258 1986 409 2057 expes-urs
431 1984 510 2036 erat.
548 1976 590 2035 Et
606 1976 695 2055 qrrod
712 1974 825 2037 merito
846 1977 988 2043 omniurn
1007 1978 1179 2043 maximum

150 2088 320 2153 censetur,
341 2075 374 2137 id
389 2073 515 2138 fecitte
530 2074 742 2155 Imperatore,
761 2078 819 2138 hae
835 2076 983 2141 foeditatis
998 2080 1069 2141 labe
1088 2092 1179 2143 tuum

150 2190 291 2261 tempus,
317 2176 409 2261 quod
433 2186 470 2237 tn
491 2185 554 2235 tarn
578 2184 685 2236 ennete
703 2177 874 2258 peregisti,
902 2198 1093 2261 aspergens,
1117 2180 1181 2243 hoo

156 2279 249 2361 qussi
271 2278 416 2361 stigmate
439 2286 531 2339 tuurn
556 2274 708 2358 sugillans
734 2275 912 2355 imperium.
950 2278 1053 2341 Vides
1071 2278 1181 2360 igitur,

160 2396 255 2462 quun
273 2372 334 2441 sibi
350 2392 462 2451 ormres
480 2375 521 2437 ad
539 2375 663 2437 vertiam
682 2375 728 2452 (si
744 2396 785 2437 eo
806 2377 964 2458 adspiret)
983 2376 1087 2441 editus
1101 2398 1182 2457 pne·

160 2476 310 2545 eluserit?
340 2478 448 2558 Quare
469 2474 636 2537 consilium
660 2495 727 2536 non
753 2476 830 2550 erit,
859 2478 940 2539 hane
962 2474 1184 2557 intemperiem

157 2578 350 2661 reprimere,
370 2590 604 2653 antenorem,
624 2574 681 2639 sed
692 2575 788 2637 semel
803 2577 872 2637 vnn
888 2578 951 2638 hoe
968 2578 1085 2640 malunt
1097 2598 1185 2641 com·

158 2676 271 2759 primi,
290 2688 323 2741 et
341 2675 500 2761 extingui.
537 2673 649 2737 Venice
670 2676 759 2738 locus
783 2694 850 2739 non
869 2688 926 2740 est.
964 2677 1093 2761 Quippe
1113 2702 1185 2763 quse

163 2778 369 2841 corroborata
388 2788 437 2838 tot
453 2792 612 2839 annorum
629 2772 724 2839 laude
745 2774 979 2851 Genn'anornm
996 2778 1098 2843 virtus
1122 2792 1184 2856 est,

162 2879 279 2943 nullius
308 2875 555 2950 intercessione,
592 2876 677 2937 nulla
703 2878 980 2943 commiseratione
1004 2879 1120 2943 deduci
1144 2878 1187 2943 ab

161 2980 267 3043 officio
286 2974 394 3041 debet.
431 2977 547 3057 Neque
567 2976 652 3037 enim
667 2977 729 3037 ulle
742 2990 814 3039 sunt
834 2978 916 3042 illius
933 2979 969 3041 in
984 2978 1189 3045 Gennmiuu

164 3082 292 3157 merita,
319 3078 407 3143 unde
433 3078 486 3137 rel
509 3074 624 3137 leviori
644 3076 759 3137 delicto
784 3080 910 3142 veniam
939 3078 1097 3163 impetret.
1143 3082 1189 3145 At

166 3200 246 3266 qum
269 3198 339 3245 non
366 3176 474 3240 turbas
499 3171 648 3236 miscuit?
686 3174 784 3255 Quod
812 3196 880 3240 nou
908 3178 1066 3253 dedecus,
1094 3200 1191 3261 cpiam

166 3302 237 3346 non
256 3278 483 3365 indignitatem
506 3274 581 3339 huie
596 3273 743 3351 nnioni,
782 3277 856 3340 huie
882 3276 1017 3358 imperio
1043 3277 1191 3341 irrrexit?

161 3378 271 3468 Atqui
299 3378 503 3457 Alexander,
539 3390 721 3459 utinquam
738 3377 908 3445 maximus
940 3394 1017 3455 rex,
1049 3396 1191 3443 summus

165 3485 359 3567 imperator,
383 3480 526 3541 affectata
544 3474 639 3539 etim
656 3474 843 3541 Hammonis
862 3477 1008 3560 genituri
1027 3488 1096 3541 toto
1116 3489 1192 3541 turm

171 3584 250 3647 orbe
269 3578 490 3651 admirandus,
516 3572 593 3659 qrda
608 3574 646 3637 iu
663 3574 814 3639 convivio
835 3580 952 3643 amieos
974 3577 1107 3653 oceidit,
1135 3598 1193 3643 eos

173 3682 287 3759 etiam,
323 3698 343 3743 e
371 3678 489 3763 quibus
517 3672 625 3739 verbis
653 3688 859 3753 exasperatus
891 3690 996 3756 esset,
1033 3676 1195 3741 indelebili

170 3781 352 3869 ignominie
384 3778 529 3861 stigmate
561 3784 689 3839 notatus
718 3784 776 3835 est.
828 3775 891 3838 Hic
922 3780 1009 3841 nullo
1042 3776 1195 3842 virtutum

170 3886 303 3953 vatim
317 3876 484 3965 praesidio,
514 3896 609 3960 quiem
633 3874 749 3955 longe,
777 3875 829 3937 vel
848 3893 867 3934 a
885 3898 942 3956 spe
962 3879 1064 3939 venie
1084 3879 1196 3943 abesse

172 3975 407 4067 debetfflpud
432 3978 608 4041 Germanos
633 3972 1198 4055 presertin,consnntissim1nnin

173 4079 283 4167 legun
298 4076 437 4147 mitione
453 4073 646 4161 populum?
667 4074 772 4137 Ponat
789 4086 893 4136 autern
911 4074 945 4136 in
963 4074 1102 4137 medium
1120 4076 1199 4140 illud

175 4174 359 4261 interempti
375 4196 517 4263 eorpus,
536 4168 680 4239 omilium
692 4194 796 4255 nuper
816 4196 885 4258 qne
907 4174 940 4237 in
956 4176 1019 4239 lroe
1034 4195 1116 4239 sexu
1134 4178 1199 4239 lnce

175 4294 253 4345 setas
268 4278 349 4342 vidit
361 4274 626 4365 pulcherrirnmn,
640 4294 727 4339 nune
746 4275 840 4341 toties
854 4286 1010 4339 trunaeto
1025 4276 1132 4360 gladio
1149 4276 1200 4341 sui

213 4462 243 4531 ³)
262 4474 292 4521 ds
308 4470 436 4519 tamma
453 4476 512 4515 vor:
530 4462 639 4517 results
656 4462 803 4523 bdsesetnl.

213 4604 281 4653 nult.
297 4563 385 4665 citt.
402 4602 434 4653 η.
843 4562 867 4643 tt

466 4764 471 4779 .

275 4926 286 4943 .
380 4886 408 4927 ’τ’
448 4886 475 4933 .'··.·

467 4932 491 4957 ιν.

395 4982 426 5035 *a
456 4986 463 4995 ·
