2624 5108
89 950 93 957 .
186 880 259 955 8⁸2
387 988 403 1009 ι
586 870 805 970 Triumphus

185 1070 274 1127 llnnc
291 1071 401 1127 Judam
420 1071 558 1144 appensis
575 1069 720 1144 pedibus,
737 1080 926 1143 traciamque
945 1069 1053 1142 supino

186 1165 338 1236 Occipiti‚
358 1176 387 1220 ot
402 1166 529 1221 scabros
547 1177 756 1221 revomentem
774 1166 803 1219 iu
823 1166 965 1234 sauguine
983 1162 1117 1233 deutris,

186 1257 432 1331 Confossumquc
451 1276 551 1327 unco,
568 1258 667 1328 linqua
683 1274 817 1330 nasoque
837 1274 1012 1325 carentem,

184 1351 284 1422 Arque
303 1360 492 1407 exarmatum
509 1351 622 1422 digitis,
642 1366 789 1422 auresque
807 1351 957 1405 videntem

166 1436 264 1497 'Ante
282 1459 351 1499 suas
368 1458 523 1515 nunquam
539 1443 627 1499 visas.
662 1442 747 1503 Num
766 1443 877 1514 porlids
895 1444 1001 1499 mallos

184 1535 258 1592 Non
276 1536 388 1604 fugisse
405 1552 513 1591 nucem
523 1576 533 1604 ‚
550 1537 689 1591 meritam
706 1552 763 1608 pro
780 1536 907 1592 crimino
926 1552 1066 1607 prunam,

186 1627 286 1702 Quam
305 1645 386 1682 nunc
406 1643 473 1684 coss
490 1629 606 1685 miser?
626 1629 683 1684 Sed
701 1644 768 1701 qua
784 1629 839 1683 tibi
856 1631 956 1683 lsrrca
972 1645 1058 1683 mons
1078 1636 1122 1683 est
1128 1664 1139 1696 ‚

184 1721 310 1778 Lararis
328 1722 438 1777 vidisse
457 1722 559 1792 prius,
581 1730 611 1776 to
628 1722 743 1777 semina
760 1721 868 1789 danto,

185 1813 235 1870 Ta
253 1830 435 1887 causamque
453 1815 539 1871 malis
558 1814 711 1887 Capoions
723 1813 828 1885 ,quiete
847 1823 1020 1881 carentem,

186 1906 418 1978 Turbatumquo
436 1924 560 1976 senem,
578 1907 778 1979 lacrimasque
799 1905 829 1961 in
847 1906 937 1979 plebe
954 1908 1089 1976 refusas,

185 1998 249 2055 Pro
268 2002 487 2069 condemnato,
506 2000 688 2072 punitorque
704 2001 770 2069 igne
788 1999 928 2067 libellos,

185 2092 227 2149 At
242 2100 293 2160 tu,
313 2093 362 2147 cul
379 2104 496 2164 graium
513 2102 579 2162 cst,
602 2109 725 2150 omnum
742 2092 866 2149 turbsrs
883 2090 1036 2163 quietem,

185 2184 226 2241 Et
243 2186 372 2240 miscere
393 2187 495 2254 viros,
516 2187 647 2258 paciqm
663 2186 807 2241 inducere
824 2184 956 2254 bollum,

185 2279 226 2333 Ut
243 2278 353 2333 Christi
372 2279 513 2334 discorde
531 2282 625 2350 pccu's
643 2288 762 2350 pastore
780 2287 920 2353 vagetur,

185 2370 266 2427 Nam
285 2387 384 2443 nequo
401 2380 434 2425 tu
448 2370 604 2427 Christum
622 2368 760 2440 (simules
777 2388 946 2442 quanquam
961 2369 1078 2439 omnia)
1096 2386 1210 2429 servas.

187 2463 340 2538 Quodque
360 2462 469 2536 aliquid
487 2464 590 2521 tulerit
606 2464 760 2537 capnion,
778 2480 859 2519 nunc
878 2464 980 2535 aspice
998 2464 1107 2520 codem

179 2550 317 2613 ¹Lumine
336 2558 505 2627 victorum,
529 2569 618 2630 teque
639 2558 703 2613 lroc
726 2557 755 2611 in
773 2556 898 2629 pulvere
915 2565 1065 2626 tractum,

185 2648 363 2708 Pectinibus
381 2652 507 2722 patulis,
527 2662 658 2724 aptoqus
676 2649 711 2706 ad
730 2649 859 2704 verbera
877 2658 982 2719 tergo,

187 2742 353 2799 conscindi
371 2745 488 2812 flagris,
507 2752 537 2798 ot
555 2726 660 2816 iniquo
676 2744 755 2798 fusto
778 2741 906 2797 domari.

188 2835 257 2911 Qua
277 2853 347 2892 cnm
364 2844 394 2891 to
412 2835 521 2891 invidia
538 2834 651 2891 misere
669 2835 853 2892 cruciaveris
863 2874 873 2904 ,
893 2836 969 2891 intra

187 2929 242 2985 llia
259 2929 417 2997 tabescas,
436 2937 465 2984 et
483 2929 563 2983 lenta
580 2938 681 2985 morto
699 2944 872 3000 supremam

186 3021 322 3077 Exhalss
344 3021 490 3090 animam,
512 3022 614 3077 multis
633 3023 772 3093 exempla
789 3023 936 3078 dunarum.

188 3114 256 3170 lluc
274 3113 332 3183 ogit
347 3114 458 3183 ingenti
478 3114 610 3171 celebris
628 3114 789 3184 Mogunrin
806 3115 912 3186 plausu

187 3206 280 3263 Urbis
300 3217 436 3264 monstra
453 3224 534 3278 suae,
551 3208 630 3265 bans
648 3208 685 3263 ds
704 3208 860 3280 Capnionc
878 3202 989 3265 mereri

187 3300 261 3357 Non
282 3317 363 3355 nunc
379 3293 551 3375 incipiens,
572 3310 787 3375 commotaque
807 3301 888 3372 ejicit
905 3302 948 3356 ira

189 3394 237 3448 Te
255 3395 413 3449 Bertrame
434 3395 506 3449 odio
524 3394 646 3463 dignum
665 3405 771 3467 caput,
790 3395 892 3453 omnia
908 3395 1035 3463 nisum,¹

188 3486 301 3542 Omnia
320 3497 480 3553 conatum,
500 3486 525 3543 si
544 3488 616 3559 quid
635 3489 814 3544 convellere·
829 3503 939 3560 posses

189 3578 239 3636 Dc
260 3579 416 3648 capnionc
435 3579 531 3636 bono.
567 3580 625 3636 Sed
643 3581 715 3651 dic,
735 3598 791 3637 cur
807 3582 939 3653 pessimo
955 3581 1075 3636 uadem

174 3666 260 3725 ¹Jum
280 3671 366 3743 cupis
385 3673 414 3727 iu
433 3674 538 3730 studiis
555 3675 718 3747 quicquam
736 3675 911 3733 elaborasse
928 3674 1046 3740 videri,

191 3765 268 3823 Cum
288 3767 348 3825 vira
366 3769 457 3824 luerit
473 3771 642 3827 studiorum
658 3771 741 3826 nulla
759 3768 854 3840 priori

191 3862 292 3930 Cura,
315 3878 373 3916 noc
392 3863 472 3919 ullus
489 3867 599 3921 amor?
622 3864 704 3940 Quid
723 3862 784 3919 vira
801 3862 876 3917 fecit
891 3861 922 3916 in
939 3860 1045 3915 omni?

192 3956 304 4012 Christi
325 3956 404 4027 pavit
422 3972 508 4013 oves.
544 3957 612 4014 Imo
630 3958 714 4012 buno
729 3955 889 4027 crapulosa
905 3970 1019 4022 vorago

191 4050 278 4107 Parit
296 4050 517 4121 aqualiculum,
536 4064 688 4122 quamque
707 4048 788 4105 hano
805 4046 858 4101 vix
873 4055 974 4117 portat
992 4047 1023 4100 in
1041 4044 1172 4115 urbem,

193 4143 274 4198 Cura
290 4143 443 4211 saginandi
460 4158 585 4216 sempor
602 4141 657 4196 ruit
673 4141 763 4196 unica
781 4139 910 4207 ventris,

193 4236 314 4291 cernito
333 4236 490 4306 glutones,
510 4234 717 4303 comedoncs,
739 4233 854 4288 cornito
871 4240 1012 4300 ventres,

192 4329 335 4386 Vestrum
348 4330 400 4383 hic
413 4328 625 4400 opprobrium.
661 4329 745 4385 Bene
759 4337 875 4400 pastum
887 4327 970 4382 bunc
982 4336 1012 4382 et
1023 4325 1103 4382 benc
1115 4330 1237 4401 potum,

194 4423 247 4479 His
265 4440 323 4493 ogo
343 4420 490 4491 conjunxi
507 4421 619 4490 sociis,
636 4422 766 4493 palearis
783 4422 915 4493 pendent

193 4517 308 4575 Pectus
327 4517 370 4571 sd·
381 4525 572 4586 extrommn,
588 4517 704 4574 collum
721 4526 812 4591 caput
827 4523 915 4585 urget
931 4510 1078 4581 obesum,
