2624 5108
357 866 404 938 sd
427 863 712 943 Maximianum
737 865 935 943 Coesarem.
1080 875 1153 951 275

139 1057 241 1115 Nemo
260 1059 365 1131 quaerit
383 1074 477 1130 opes,
506 1075 600 1131 quem
612 1072 675 1115 non
694 1074 761 1115 mes
782 1062 903 1130 premis
925 1072 1061 1136 pascent,

207 1151 276 1205 Neo
299 1152 373 1221 sapit
392 1153 462 1221 hio,
489 1152 539 1224 qui
557 1168 620 1215 nou
638 1150 709 1220 Itale
727 1155 918 1225 regnapetit.

141 1241 222 1317 Quid
240 1243 336 1295 dicam
355 1260 475 1299 eversas
495 1244 635 1316 collapsis
651 1246 801 1313 moenibus
818 1247 931 1306 urbes?
989 1296 997 1309 .

209 1333 288 1408 Quid
307 1351 475 1390 memorem
492 1339 577 1393 forro
595 1336 722 1409 plurima
740 1348 768 1394 et
786 1340 851 1410 igne
871 1343 952 1412 peti?
1019 1386 1022 1391 ·

141 1427 200 1480 Aur
218 1427 352 1495 negleota
372 1429 429 1487 situ
446 1439 582 1499 velerum
600 1431 711 1490 decore
729 1433 787 1489 elta
803 1438 984 1504 parentum?

206 1519 370 1574 Dissimilis
388 1521 517 1592 primum
536 1538 619 1578 nuno
636 1539 691 1593 ego
711 1525 789 1580 laets
805 1528 876 1584 mei.

141 1609 285 1667 'I'lruscus
303 1630 395 1684 opum
413 1630 505 1669 vacue
522 1623 674 1673 mercator
692 1625 794 1685 regnat
811 1617 841 1672 in
858 1618 934 1676 urbe
943 1658 956 1689 ‚

210 1704 291 1759 Tota
314 1705 454 1760 fluentino
474 1717 519 1762 est
534 1707 651 1778 prodite
668 1707 768 1770 Roma
790 1709 872 1767 dolo.

140 1797 190 1855 De
208 1797 324 1852 veniam
334 1839 343 1866 ,
373 1799 398 1854 si
419 1799 544 1854 liberius
561 1798 631 1871 quid
650 1799 756 1855 dixero
775 1801 811 1857 de
833 1811 881 1871 te,

210 1889 354 1965 Quaerere
378 1891 524 1946 debueras
544 1890 616 1959 istu,
645 1899 747 1947 tenere
764 1909 865 1963 neges.

144 1983 173 2038 Si
191 1991 289 2038 tumen
308 1984 394 2039 instat
412 1981 509 2038 adhue
526 1983 589 2039 istis
607 1984 693 2053 digne
709 1986 782 2063 ultio
800 1989 901 2055 fretis,

209 2073 277 2131 Neo
294 2092 342 2129 me
365 2084 510 2146 perpetuo
528 2076 663 2147 spernis,
691 2060 840 2151 opemque
859 2082 951 2137 ieret.

141 2167 223 2224 Etsi
241 2168 288 2222 vel
307 2183 376 2222 sero
395 2183 560 2236 agnosces,
585 2169 743 2243 studioque
760 2174 908 2243 moreris,

211 2261 255 2315 Sit
270 2261 336 2315 leve
356 2259 500 2315 veltsnts
515 2268 621 2316 moests
637 2262 740 2319 tulisse
757 2281 854 2320 mors.

142 2354 193 2413 Ne
211 2362 371 2408 contemne
391 2351 484 2407 modo
494 2391 504 2418 ,
522 2351 639 2407 tulerim
656 2353 777 2410 differre
796 2365 840 2410 tol
858 2371 968 2427 anuos,

213 2445 398 2500 Subtrahere'
413 2442 531 2513 indigno
552 2460 643 2512 regns
661 2445 766 2502 Lerina
778 2447 863 2516 jugo.

145 2538 220 2612 Qun
241 2538 363 2591 veniunt
380 2536 476 2601 lente,
494 2535 615 2590 veniunt
632 2544 750 2605 umen,
768 2554 859 2593 omne
881 2539 1025 2612 rependet

213 2630 355 2686 Tristities
375 2639 494 2697 tempus
510 2628 607 2683 letior
624 2644 684 2682 una
697 2628 774 2689 dios.

144 2724 202 2778 Sed
222 2721 300 2776 nolis
319 2737 395 2791 opus
414 2719 486 2774 hino
506 2720 625 2776 differre
643 2721 673 2777 in
690 2722 808 2792 longius
824 2724 920 2795 istud,

213 2816 390 2884 Dispereat,
410 2812 544 2884 quisquis
561 2822 661 2885 speret
679 2824 804 2885 nvetque
822 2815 885 2872 diu.

144 2907 196 2964 Tu
210 2906 303 2962 toties
322 2905 466 2959 victorin
484 2912 514 2959 te
530 2922 712 2975 consurgere
731 2906 854 2983 Gallos,

214 2999 266 3055 Tu
286 2997 358 3053 sinis
376 2998 444 3053 heo
461 2996 593 3053 Venetos
612 2999 793 3070 surripuisse
809 2997 883 3061 tibi?

146 3089 216 3147 Neo
232 3089 327 3160 gentis
344 3089 451 3144 virtute
469 3096 525 3143 tue
535 3128 546 3157 ,
564 3090 701 3162 ferusque
719 3091 870 3160 moveris,

217 3182 316 3257 Quam
334 3181 455 3236 memini
472 3179 576 3237 Latios
592 3183 781 3253 pertimuisse
798 3187 921 3253 potres?

151 3274 251 3349 Quam
271 3292 327 3346 pro
345 3291 416 3341 mo,
432 3289 470 3327 ne
487 3273 525 3329 rit
541 3272 704 3330 Germanis
723 3273 834 3329 fortior
851 3273 881 3330 iu
896 3289 946 3331 me
957 3313 971 3342 ,

219 3367 290 3423 ileo
304 3367 387 3423 uenit
405 3365 543 3437 auspiciis
560 3366 638 3421 lemn
655 3365 762 3421 tuenda
779 3365 849 3426 tuis.

148 3464 184 3520 In
201 3478 251 3516 me
268 3460 418 3516 terribiles
435 3460 538 3513 iecere
554 3458 682 3527 ingentis
700 3457 847 3528 eymbri,·

218 3553 348 3610 Romula
367 3550 554 3606 Teutonicus
572 3550 700 3620 perculit
718 3565 800 3605 arms
820 3545 916 3606 lutor.

149 3645 234 3702 Tum
252 3646 334 3700 serus
352 3643 505 3698 Arminius
523 3642 607 3698 cessis
625 3639 792 3710 legionibus
809 3640 886 3708 illis,

221 3735 287 3812 Qua
307 3737 389 3791 clade
407 3735 573 3791 Ausonium
590 3732 696 3791 terruit
712 3730 897 3802 impurium?

150 3831 192 3886 At
207 3837 240 3884 tu
257 3829 336 3889 belle
352 3845 443 3885 move
461 3845 518 3900 pro
536 3825 672 3885 libertate
688 3831 821 3879 tuorum.

218 3920 259 3977 Et
278 3934 365 3994 poter
383 3932 412 3976 et
432 3921 526 3977 debes
542 3921 606 3977 hoo
621 3932 782 3975 removere
794 3915 912 3986 jugum.

151 4012 256 4071 Ducat
272 4015 302 4069 in
320 4015 494 4088 exemplum
511 4008 811 4086 praemissarum
829 4007 922 4076 sotis,

221 4107 369 4163 Insertum
387 4125 403 4162 a
421 4105 510 4163 nobis
528 4105 577 4162 ille
593 4104 725 4161 removit
741 4115 829 4158 onus.

148 4198 256 4258 nuent
275 4201 304 4254 in
325 4200 497 4272 exemplum
515 4197 706 4268 geminorum
723 4193 869 4269 splendor
890 4191 1063 4262 Othonum,
1142 4247 1146 4257 ,

225 4291 368 4350 Reddidit
384 4293 415 4347 in
431 4291 539 4347 melius
555 4298 675 4362 tempus
691 4297 817 4362 uterque
835 4302 934 4343 suurn

154 4385 217 4445 Seu
234 4384 337 4456 cupias
354 4385 492 4450 leudem,
508 4397 563 4438 sou
580 4381 709 4455 premis
720 4381 808 4452 «ligus
823 4379 977 4449 laborum,
1044 4422 1048 4429 .
1128 4418 1133 4427 ·

229 4476 308 4535 eum
326 4476 401 4537 milri
418 4473 599 4547 subvenies,
613 4472 690 4535 illuri
704 4482 737 4539 ,et
751 4473 826 4533 illud
843 4474 908 4537 erit.
942 4510 960 4541 .-,
1073 4512 1082 4564 ,²
