2624 5108
579 882 710 957 Nemo.
1085 884 1157 957 3¹³

140 1081 218 1167 qnid
246 1081 279 1145 in
301 1080 510 1144 Christianam
533 1081 719 1161 religionem
743 1083 921 1164 invexerit,
952 1092 1017 1155 luae
1037 1105 1160 1158 trecen.

141 1198 248 1248 torum
275 1206 430 1245 aranornm
457 1183 646 1267 'l'heologia
682 1183 856 1269 Postquam
884 1194 969 1256 enirn
988 1195 1161 1264 ‹tiscesfflm

141 1297 190 1348 est
216 1285 256 1346 ab
283 1285 335 1345 illa
360 1284 462 1345 veteri
486 1295 518 1344 et
545 1285 717 1360 Germana,
748 1300 816 1352 tum
843 1314 923 1355 vero
951 1316 1023 1359 curu
1049 1302 1162 1365 studii„

144 1387 313 1449 declinavit
331 1386 422 1448 simul
438 1386 568 1467 religio,
588 1408 624 1447 aa
640 1387 689 1448 illa
705 1388 862 1456 increbuit
873 1396 1013 1460 omnium
1027 1402 1163 1479 pestium

142 1487 395 1571 pestilentissima
415 1486 618 1567 superstitio,
643 1510 714 1570 qnae
734 1512 790 1555 sua
809 1493 960 1573 caligine,
989 1499 1032 1561 ita
1049 1520 1164 1566 verum

140 1590 206 1655 Dei
231 1590 349 1650 maltum
378 1588 569 1661 infuscant,
607 1599 642 1650 ut
672 1590 794 1655 nescias
826 1592 944 1658 Christi
978 1598 1060 1675 siut,
1093 1624 1164 1684 φη

148 1691 302 1753 observas
329 1692 442 1765 multa,
471 1710 521 1771 an
548 1688 681 1765 alicujus
708 1692 786 1755 novi
814 1694 894 1769 Dei,
925 1698 981 1781 qui
1013 1701 1075 1762 hoo
1105 1701 1165 1763 sibi

141 1790 284 1853 vindicet
302 1788 445 1851 ultimum
464 1790 574 1851 mundi
600 1790 737 1872 tempus:
785 1794 912 1858 Habent
936 1809 1040 1862 tamen
1067 1801 1167 1883 pessi·

143 1914 271 1956 monam
290 1893 443 1953 librorum
462 1913 594 1967 maenas
619 1912 762 1956 acervos.
805 1895 855 1957 Ao
874 1897 949 1960 dum
969 1898 1047 1961 istos
1066 1902 1167 1984 negli-

143 2005 225 2079 gunt
242 1993 404 2076 antiquos,
427 2003 458 2053 et
477 2005 563 2054 recte
583 1994 695 2056 doctos
714 2008 860 2075 autores,
879 1998 913 2067 in
931 2000 979 2062 liis
998 2015 1166 2068 versantur

144 2093 345 2175 nugamentis
371 2105 403 2153 et
430 2093 462 2154 in
490 2093 715 2172 scripmrarum
734 2097 901 2175 sordibus,
932 2121 999 2162 non
1018 2121 1111 2167 secus
1131 2126 1169 2166 aa

142 2199 177 2261 in
195 2198 266 2259 luto
285 2195 483 2271 scarabaeus,
511 2194 706 2258 deliciantur.
744 2199 858 2281 Neque
876 2212 953 2261 tunc
978 2202 1072 2264 vilius
1091 2206 1170 2287 qnid

144 2296 263 2361 neuris
282 2296 393 2357 studiis
414 2306 546 2358 tractare
566 2317 602 2358 se.
627 2307 758 2380 putant,
787 2300 914 2381 quoties
932 2321 994 2381 pro
1012 2304 1170 2365 concione

148 2398 311 2462 soulidam
347 2396 484 2477 aliquam
509 2396 669 2473 tabulam,
708 2410 762 2461 aut
801 2400 882 2462 anile
913 2400 1170 2481 deliramentum,

146 2499 237 2577 vulgi
254 2497 440 2558 credulitate
460 2498 568 2573 abusi,
589 2500 794 2562 deblaterant.
832 2500 897 2581 Qui
910 2520 983 2563 curn
1002 2503 1078 2565 tales
1097 2502 1171 2579 sint,
1215 2512 1222 2523 ’

147 2599 303 2683 quicquid
324 2610 426 2659 tamen
445 2609 535 2660 extra
562 2620 650 2662 suam
667 2598 800 2663 farinam
820 2613 885 2676 est,
912 2611 1119 2665 contemnunt
1136 2622 1173 2666 aa

147 2711 366 2783 aspemantur.
424 2698 572 2783 Cumque
604 2700 745 2763 omnium
776 2699 972 2765 insulsissimi
1002 2702 1081 2779 siut,
1115 2724 1172 2768 eos

147 2812 252 2867 tamen
272 2820 343 2862 esse
363 2822 397 2861 se
417 2801 629 2876 contaminat,
656 2800 772 2883 quibus
792 2804 887 2865 semel
908 2801 1054 2867 Christus
1074 2804 1172 2868 dixit:

147 2934 206 2973 vos
223 2917 300 2972 estis
317 2916 370 2971 sat
385 2925 489 2969 terrea.
525 2906 632 2983 (lirare
652 2912 683 2964 et
702 2902 858 2983 sapientes
878 2904 966 2967 credi
985 2906 1115 2980 volunt,
1138 2926 1175 2968 ae

148 3006 313 3087 Apostolis
333 3007 488 3089 quicquid
508 3005 582 3067 olirn
602 3005 708 3077 datum
728 3014 790 3078 est,
823 3003 895 3081 jure
914 3004 1115 3068 haereditario
1134 3007 1174 3070 ad

151 3131 187 3172 ae
213 3110 355 3181 trahunt,
393 3117 425 3168 et
452 3107 486 3168 in
516 3103 764 3183 compellationis
791 3104 996 3186 praefatione,
1027 3104 1176 3186 Magistri

151 3211 271 3286 nostri,
297 3208 376 3273 mira
397 3219 428 3269 ct
448 3206 589 3269 inaudita
608 3204 778 3267 ambitione.
797 3202 861 3265 dici
889 3204 1039 3286 gestiunt.
1077 3205 1176 3267 Forte

153 3310 231 3395 quia
249 3311 466 3373 consessiones
486 3306 635 3381 audiunt,
664 3326 700 3367 ao
725 3306 857 3367 consilia
876 3306 1004 3387 Regum
1033 3316 1065 3366 et
1083 3305 1179 3368 Prin-

152 3411 260 3493 cipum
279 3411 440 3484 erliscunt,
476 3408 594 3471 deinde
622 3406 878 3470 muliercularum
897 3425 1031 3491 quoque
1056 3416 1178 3468 secreta

150 3513 244 3577 nimis
260 3511 353 3573 avide
372 3511 542 3581 rimantur,
563 3519 599 3569 ut
617 3528 651 3571 ae
670 3507 791 3570 idcireo
811 3510 882 3589 plus
900 3505 1045 3573 ominibus
1067 3525 1179 3587 sapere

154 3615 301 3688 crealant,
324 3624 355 3673 et
376 3633 441 3672 non
461 3607 618 3671 immerito
638 3630 656 3668 a
675 3606 836 3686 discipulis
857 3607 1022 3688 Magistri,
1042 3629 1078 3669 ac
1092 3606 1119 3668 F
1121 3606 1179 3670 iliis

153 3726 258 3796 patres
278 3716 373 3795 (proh
391 3710 510 3790 pudor)
530 3711 713 3772 salutentur.
753 3708 825 3785 Qua
844 3707 886 3768 de
905 3728 943 3769 re
960 3706 1180 3769 lacctissimam

154 3830 189 3879 tn
212 3816 288 3879 olim
308 3814 347 3875 ad
366 3832 417 3873 rue
432 3811 616 3891 Epistulam.
653 3808 716 3869 Sed
738 3804 815 3887 quial
834 3826 897 3887 ego
916 3808 996 3879 hac,
1018 3808 1108 3891 quasi
1121 3810 1181 3871 ho=

154 3928 301 3997 tempore
328 3892 489 3991 'l'laeologi
514 3932 581 3973 nou
607 3906 690 3971 sint?
723 3903 872 3969 Minime.
921 3904 983 3965 Sed
1011 3908 1101 3988 quod
1120 3917 1182 3967 tam

157 4018 245 4081 nihili
265 4016 408 4078 homines
430 4015 461 4074 in
481 4011 713 4092 Apostolorum
731 4008 836 4069 locum
851 4006 1038 4079 succedant,
1057 4004 1092 4066 in
1111 4004 1183 4085 ejus

157 4119 204 4181 rci
228 4117 448 4187 iruliarnitatrm
468 4112 580 4194 aliquis
600 4112 704 4173 Ncmo
726 4106 902 4171 exclamare
922 4115 1048 4185 potest,
1080 4104 1186 4168 omnia

157 4218 294 4289 inverti,
315 4216 422 4279 omnia
441 4212 595 4276 conlundi
614 4224 646 4274 et
664 4209 808 4284 misceri,
828 4206 934 4269 omnia
953 4226 1044 4269 secus
1065 4226 1100 4266 ac
1122 4204 1185 4268 sint

159 4320 287 4392 haberi,
306 4320 382 4381 nihil
402 4318 461 4379 sibi
482 4328 646 4389 constare,
672 4312 832 4376 nemiuem
852 4321 905 4371 aut
924 4329 941 4370 a
961 4327 1087 4369 monna
1105 4304 1187 4368 inte-

161 4421 274 4503 gritate
304 4420 425 4481 bonnam
458 4427 511 4479 aut
546 4413 728 4477 enrditione
760 4414 891 4474 doctum
929 4407 1081 4489 judicari,
1129 4409 1187 4472 sed

160 4504 295 4585 alterum
307 4522 432 4583 cucrdlo
447 4514 591 4591 ostendi,
605 4518 737 4579 altcnrm
748 4512 842 4575 titulo
855 4522 1020 4592 utcunque
1031 4508 1187 4592 arreptisito
