2810 4722
246 439 315 512 tat
484 433 528 509 ln
552 433 740 508 Ulrichurn
763 433 1016 536 ll'irtcnberg.

241 631 418 713 perdidisse
436 641 468 691 te
492 630 595 694 scelus
613 638 752 718 putares.
795 629 935 712 Magnus
956 628 1009 692 hic
1024 639 1074 694 est
1093 629 1200 709 operis
1224 629 1270 692 tui

242 732 377 796 fructus.
416 734 491 815 Quo
505 732 532 795 si
545 732 680 795 libenter
692 729 827 804 frueris,
847 726 914 792 n'on
926 729 1045 792 invitas
1060 751 1124 812 ego
1136 751 1268 825 qupque

242 845 273 896 te
292 832 389 896 video
413 845 475 896 tam
496 832 634 896 invisum
655 832 820 905 omnibns,
851 851 958 914 qnam*
971 831 1030 910 ipsi
1049 831 1116 894 tibi.
1155 835 1268 914 Neque

241 955 301 996 nos
321 935 419 996 modo
446 935 520 996 duro
538 955 609 1015 qnae
625 932 658 994 in
682 944 713 994 te
733 931 908 1014 flagitatur,
937 932 1094 995 damnatio
1129 953 1269 1014 pronun·

241 1033 361 1110 cietur,
398 1045 461 1096 tam
486 1043 707 1115 expectamus,
745 1054 841 1117 quam
870 1043 905 1093 nt
933 1054 1072 1118 propere
1095 1031 1271 1113 judicatum

240 1138 310 1211 liat,
331 1135 494 1218 gestimus.
533 1133 604 1196 Jam
614 1133 728 1214 passim
739 1133 951 1196 enimomnes
966 1133 1106 1196 omnium
1121 1134 1271 1198 ordinum

239 1248 272 1298 te
287 1235 397 1316 cupitis
415 1235 619 1310 danmarunt,
640 1246 671 1296 te
691 1246 836 1298 extremo
853 1234 1010 1316 supplicio
1028 1233 1251 1314 adjudicarunt
1261 1235 1275 1309 ,“

238 1339 408 1410 latronem,
441 1355 478 1398 ac
497 1335 686 1416 parricidam
704 1335 873 1413 immitem,
902 1348 1057 1410 atrocem,
1088 1337 1269 1412 crudelem,

239 1437 461 1500 immanissima
479 1448 552 1516 post
576 1437 739 1498 hominum
762 1438 944 1501 memoriam
968 1437 1135 1500 occidendi
1161 1437 1269 1518 specie

239 1550 428 1622 grassatum
466 1557 524 1617 per
545 1540 666 1612 scelus,
704 1549 735 1600 et
760 1539 921 1602 amlaciam
949 1537 1084 1612 lindum,
1116 1515 1269 1620 ac’grave

237 1641 393 1720 probrum
403 1638 477 1702 huic
490 1639 597 1722 patriae
608 1638 825 1715 invehentem,
840 1640 1021 1721 punitorem
1033 1639 1269 1713 misericordia,

238 1762 275 1806 ac
306 1739 427 1802 doloris
457 1740 576 1814 nostri,
616 1752 792 1802 extremum
819 1739 914 1818 hujus
942 1739 1078 1803 nationis
1104 1740 1265 1812 (toclacus,

237 1861 389 1904 summam
405 1839 575 1904 infamiam.
596 1837 699 1919 Cujus
714 1861 830 1902 nomen
840 1817 955 1904 ‘omnes
969 1843 1140 1907 exlrnrrcnt
1153 1863 1159 1916 ;
1174 1837 1267 1918 cnjim

238 1964 391 2006 occnrsus
416 1953 447 2006 et
470 1942 501 2018 *l
530 1953 716 2022 conspectus
740 1940 866 2020 pessimi
890 1942 1004 2004 ominis
1027 1945 1100 2004 loco
1127 1952 1192 2012 est3
1227 1941 1269 2003 de

238 2066 305 2128 quo
323 2065 417 2108 nemo
436 2043 574 2119 dubitat,
603 2042 630 2105 si
649 2063 709 2106 nos
726 2044 789 2105 hoc
804 2043 894 2125 quod
914 2039 986 2122 jure
1003 2042 1158 2127 (labetur,
1187 2040 1269 2102 obti-

236 2166 385 2222 neamus,
416 2145 494 2230 quin
512 2156 566 2206 tua
589 2143 747 2206 damnatio
771 2143 927 2206 universae
950 2141 1125 2206 Germaniae
1150 2150 1269 2221 erqrur-

237 2247 323 2329 gatio
347 2247 396 2309 sit.
443 2246 586 2309 Proinde
611 2245 751 2308 ferocire
774 2246 900 2306 desine!
941 2245 1098 2310 Diuturna
1127 2243 1191 2304 hac
1215 2251 1269 2336 tua

236 2346 367 2412 lortuna
393 2367 464 2410 esse
490 2367 558 2408 non
582 2356 698 2426 potest.
751 2345 870 2408 Omnes
899 2357 930 2408 te
960 2353 1124 2417 metuunt,
1157 2362 1268 2404 onuies

237 2449 386 2512 oderunt.
425 2446 513 2507 Intra
531 2455 620 2506 tuum
635 2455 770 2518 tectum,
791 2457 880 2508 tuum
895 2444 1077 2508 cubiculum
1091 2443 1138 2506 tni
1156 2443 1270 2516 timor,

237 2545 283 2609 tui
299 2547 409 2608 odium
422 2555 576 2606 versatur.
615 2543 712 2626 Fugit
729 2555 759 2606 te
777 2558 948 2621 uxortua,
969 2544 1112 2608 desenrit
1130 2543 1269 2624 optimus

237 2646 393 2729 quisquc;
413 2643 572 2728 reliquum
585 2655 654 2720 est,
674 2655 709 2708 ut
722 2643 744 2706 ii
762 2667 914 2728 quoque,
936 2666 1075 2728 qunrmn
1088 2643 1269 2707 cervicibus

236 2747 389 2828 pestilens
408 2768 449 2810 ex
463 2757 494 2809 te
511 2747 626 2810 malum
641 2744 798 2820 imminet,
819 2758 906 2808 metu
923 2767 959 2808 ac
979 2745 1123 2826 periculo
1144 2756 1269 2806 cracem.

236 2851 306 2912 Nec
333 2849 451 2925 debes,
488 2847 566 2931 quid
585 2849 757 2928 loquantur
776 2843 900 2926 judices
919 2850 1001 2909 ultra
1019 2846 1084 2927 jam
1101 2868 1268 2929 quaerere,

237 2971 309 3016 cum
319 2948 572 3014 manifestissime
584 2945 662 3026 qnid
672 2945 822 3022 sentiant,
835 2947 1006 3030 intelligas;
1020 2959 1075 3009 aut
1086 2959 1270 3028 expectare,

238 3050 316 3132 quid
335 3046 565 3128 prommcient‚
596 3065 668 3106 cum
687 3045 765 3127 quid
789 3049 971 3123 statuerint,
1001 3049 1103 3128 palam
1123 3045 1172 3108 sit.
1219 3047 1269 3106 Nc

236 3160 268 3209 te
289 3157 392 3209 autem
418 3165 532 3206 eorum
549 3145 649 3206 verba
669 3158 886 3224 remorentur,
922 3169 1060 3231 (prorum
1076 3145 1271 3208 voluntatem

237 3245 330 3308 nosti.
370 3247 442 3308 Hoc
461 3256 492 3308 te
511 3244 690 3321 silentium,
722 3244 786 3308 lucc
808 3247 1001 3311 taciturnitas
1025 3247 1143 3332 magis,
1174 3267 1271 3330 quam

236 3349 298 3409 ulla
313 3357 421 3428 posset
436 3369 502 3408 vox
517 3368 614 3426 poenre
629 3347 744 3410 addicit
763 3347 822 3421 **).
863 3348 964 3412 Vides
980 3349 1094 3432 igitur,
1116 3359 1269 3430 quantum

236 3447 424 3529 asupplicio
442 3447 547 3512 absis?
568 3447 637 3510 lmo
654 3469 748 3531 qnam
765 3447 841 3510 nihil
857 3447 962 3510 absis?
991 3453 1008 3508 'l
1020 3472 1043 3510 n
1062 3469 1140 3510 vero
1160 3447 1269 3510 Cacsar
1292 3490 1298 3500 ι

236 3547 469 3616 Maximiliarre!
502 3551 543 3612 de
570 3571 636 3632 quo
662 3571 721 3612 nos
748 3548 794 3610 sic
820 3549 1005 3630 opinamur,
1047 3549 1152 3618 omnia
1178 3547 1267 3630 prins

236 3672 384 3714 eversum
402 3649 471 3724 iri‚·
493 3671 590 3738 quam
608 3651 692 3712 hirnc
716 3649 906 3728 impunitum
928 3650 1029 3726 sinas,
1064 3649 1268 3713 considerare

236 3751 355 3827 debes,
403 3770 496 3834 quam
528 3749 716 3811 metuendus
745 3750 785 3812 sit
812 3750 904 3826 luror
933 3749 1020 3830 ejus,
1060 3750 1117 3834 qui
1148 3747 1268 3837 aliquid

236 3863 358 3930 potest,
390 3851 465 3913 nihil
482 3848 612 3925 metuit,
638 3848 754 3912 deinde
782 3873 878 3938 quarn
899 3873 933 3916 se
957 3851 1026 3934 ips'e
1051 3849 1264 3924 dannmrerss,

238 3997 430 4014 -n--u—

270 4080 300 4146 *>
319 4097 363 4146 n,
384 4100 419 4136 ac.
455 4080 503 4152 **)
523 4093 633 4151 murcie,
652 4091 753 4142 sartan.
