2624 5108
245 1377 294 1452 in
325 1375 563 1450 Uirichum
588 1372 1063 1472 Wirtenbc'rgensem

474 1509 644 1588 Oratio
668 1507 830 1583 Prima.
907 1512 911 1519 ’

560 1697 723 1721 ...ιη’-ιιι..

144 1833 258 1947 Siquis
286 1868 448 1944 unquam,
480 1854 604 1921 Cesar!
626 1856 657 1934 *J
683 1877 806 1940 vosque
828 1852 1008 1941 Principes,
1040 1879 1076 1922 ac
1098 1859 1161 1924 viri

146 1950 313 2037 Gennaui,
354 1961 388 2023 in
416 1980 453 2021 re
475 1956 622 2037 simplici,
649 1967 680 2018 et
709 1958 817 2037 plana,
850 1979 1039 2044 omnemque
1067 1960 1159 2024 facile

75 2068 79 2077 '
144 2063 269 2144 copiam
287 2060 541 2123 subministrante
566 2057 643 2141 quid
667 2057 802 2133 diceret,
830 2059 998 2137 dubitavit,
1032 2061 1064 2123 id
1083 2061 1160 2125 mihi

143 2162 294 2244 imprimis
316 2159 444 2232 accidit;
473 2158 634 2240 nunquia
659 2179 724 2220 non
744 2180 817 2222 eum
837 2182 927 2224 rcum
950 2160 983 2222 iu
1005 2160 1160 2242 judicium

145 2263 311 2337 adducam,
359 2262 400 2323 dc
440 2257 532 2340 cujus
568 2258 697 2321 nefariis
732 2261 925 2324 facinoribus
955 2247 1070 2323 certius
1101 2261 1158 2337 sit,

148 2383 244 2446 quam
255 2374 292 2423 ut
306 2361 411 2423 timide
429 2361 500 2443 quis
519 2370 659 2434 accuset,
679 2370 732 2422 aut
748 2382 797 2423 me
810 2361 919 2443 aliquis
935 2362 1040 2440 pudor
1054 2382 1159 2423 remo·

148 2473 255 2536 retur,
275 2482 397 2523 omnem
411 2462 461 2539 aa)
477 2458 560 2522 cuim
575 2470 646 2520 ante
661 2461 883 2523 verecundiam
895 2461 989 2523 dolor
1000 2461 1157 2540 excussit3

143 2563 214 2644 ipse
231 2582 283 2625 me
303 2560 494 2624 conscicntia
512 2559 650 2633 firmavi,
671 2560 727 2621 sed
744 2560 823 2641 quia
842 2561 1013 2623 timendum
1029 2560 1159 2626 videbe·
1219 2596 1221 2600 ⁴

145 2675 215 2738 tur,
261 2685 331 2746 que
366 2682 417 2724 res
448 2659 588 2722 omnium
618 2656 737 2739 judicio
769 2659 959 2739 pennaxima
993 2674 1156 2740 censetur,

146 2761 269 2844 nequid
287 2762 326 2824 de
345 2761 547 2823 aestimatione
566 2760 632 2834 iii)
647 2780 704 2821 sua
716 2760 880 2839 perderet,
905 2760 932 2822 si
951 2758 1020 2841 ejus
1037 2761 1157 2845 magni-

145 2860 247 2924 tudini
275 2852 393 2924 nostra
406 2861 508 2923 minus
528 2859 734 2942 responderet
755 2860 865 2924 oratio.
905 2859 1157 2947 Cogitabamque

142 2985 265 3027 mecum
280 2961 364 3043 ipse,
385 2961 492 3045 quanti
515 2961 619 3040 operis
637 2960 694 3035 sit,
713 2982 819 3022 rerum
830 2961 971 3040 pondera
986 2964 1158 3028 verborum

143 3061 290 3125 inanitate
304 3080 444 3145 equare3
464 3081 523 3138 nec
536 3060 720 3143 ignorabam
734 3060 803 3123 fieri
819 3082 932 3142 posse,
952 3075 987 3126 ut
1002 3065 1030 3127 si
1044 3079 1156 3130 vestre

144 3160 356 3242 expectationi
373 3181 439 3222 uon
459 3160 669 3224 satisfacerem
688 3180 750 3244 ego
772 3160 924 3237 dicendo,
946 3163 1012 3243 ipsa
1034 3167 1155 3246 levior,

143 3261 440 3344 contemptiliorque
462 3281 555 3325 causa
575 3262 682 3336 fieret,
710 3282 745 3322 ac
763 3271 880 3324 tantum
898 3283 948 3324 res
974 3264 1154 3342 vilesceret,

143 3372 296 3447 quantum
315 3360 569 3433 mealaboraret
588 3362 728 3425 facturas.
766 3362 953 3428 Presentius
975 3365 1051 3441 hoc,
1081 3366 1158 3430 siin

141 3458 322 3545 apparando
343 3460 487 3525 oratioue
502 3480 616 3542 parum
636 3462 739 3544 opime
758 3463 1008 3545 imumpsissem,
1029 3462 1157 3530 videba-

143 3574 196 3624 tur
212 3563 406 3644 periculum,
431 3563 535 3638 rande,
564 3563 591 3626 si
611 3583 661 3625 me
682 3564 834 3627 extricare
854 3568 990 3640 vellem,
1004 3565 1080 3629 illud
1100 3567 1157 3630 ob-

146 3664 265 3740 stabat,
288 3665 377 3749 quod
394 3663 573 3727 existimare
592 3663 703 3745 aliquis
722 3674 859 3742 poterat,
888 3686 955 3729 non
969 3666 1015 3728 sic
1031 3667 1156 3730 damua-

144 3775 212 3827 tum
231 3764 340 3840 istum,
371 3760 432 3827 nisi
455 3784 517 3847 ego
545 3764 590 3828 sic
615 3762 778 3837 dixissem,
809 3756 997 3850 auctumque
1020 3766 1050 3829 ei
1069 3768 1155 3842 aeas)

142 3865 347 3951 accusatione
363 3864 557 3946 periculum,
587 3872 620 3926 et
637 3862 793 3946 quesitam
810 3863 915 3925 studio
937 3885 974 3927 ac
995 3877 1060 3929 arte
1079 3868 1157 3930 caia·
1259 3900 1261 3903 ·

141 3965 293 4031 mitatem.
347 3963 471 4045 Quibus
492 3985 542 4026 me
575 3963 671 4053 igitur
695 3961 832 4025 terminis
858 3964 1051 4058 continebo?
1091 3968 1157 4028 Aut

143 4064 237 4150 quod
271 4065 304 4128 in
345 4076 429 4128 tauta
459 4064 651 4126 difficultate
670 4073 945 4145 temperamentum
977 4062 1158 4129 inveniam?

143 4165 261 4249 Siquid
281 4166 364 4229 enim
381 4165 540 4240 conabor,
561 4184 791 4246 supervacuum
808 4165 842 4228 id
856 4164 932 4242 erit,
952 4163 1039 4249 quod
1055 4185 1094 4227 ea
1110 4175 1158 4228 est

180 4393 210 4445 ⁶)
226 4390 294 4437 Nacb
323 4391 399 4439 cazor
423 4390 600 4438 nluxtmtttane
628 4388 843 4447 durchgestrichen.
896 4390 938 4443 t⁸)
963 4400 1058 4434 omnem
1085 4389 1163 4438 cutm.

180 4476 281 4523 Omnem
300 4476 369 4525 cutm,
404 4475 461 4526 m)
478 4477 654 4521 asttmottone.
672 4473 866 4533 existimatione„
882 4476 961 4547 Ψ)
977 4477 1006 4528 rt,
1025 4472 1066 4520 itti.
