2624 5108
144 886 207 955 136
376 878 419 955 In
442 876 628 951 Ulrichum
650 875 901 975 Wirtenberg.

141 1073 299 1153 opinionis
322 1073 455 1134 colloco.
503 1072 616 1151 Neque
641 1068 725 1131 enim
742 1067 869 1142 feretis,
902 1080 940 1129 ut
956 1068 1019 1131 hoc
1035 1074 1146 1147 erupto

140 1195 211 1244 reo,
245 1196 302 1254 per
318 1182 414 1237 totam
438 1172 477 1233 de
504 1169 594 1233 vobis
611 1172 773 1250 Europam
788 1188 958 1253 queramur
978 1188 1015 1230 ac
1032 1168 1149 1229 lamest-

139 1285 250 1337 temnr.
300 1274 374 1352 Quo
402 1268 594 1334 necessitatis
620 1269 783 1352 adigamur
806 1267 972 1348 profecto,
1004 1267 1065 1331 nisi
1090 1267 1151 1331 ista

140 1394 215 1436 mox
230 1372 404 1437 severitatis
420 1381 531 1432 restra
548 1370 661 1437 aculeo
683 1368 885 1433 confodiatur
906 1368 1015 1449 pestis.
1052 1366 1156 1451 Atqui

140 1496 199 1539 vos
230 1474 376 1555 ignorare
410 1469 533 1533 debetis
567 1468 744 1550 principes,
788 1490 857 1551 quaa
895 1468 1028 1531 desertis
1057 1468 1152 1531 uobis

141 1574 302 1637 hominum
315 1570 423 1653 opinio
440 1569 601 1657 [ucumbat
617 1568 663 1644 *),
679 1569 768 1651 quod
779 1567 933 1646 judicium
944 1589 1004 1631 nos
1017 1581 1152 1631 tuaneat.

143 1676 298 1737 Irascetur
326 1670 425 1734 omnis
462 1669 635 1732 Germaniae
669 1669 774 1748 ptehs3
818 1670 971 1751 lugebunt
999 1669 1151 1752 Equites;

142 1787 315 1857 querentur
343 1791 451 1835 onmes
473 1769 565 1833 liberi
592 1769 744 1835 homines.
793 1769 913 1833 Passim
941 1772 983 1833 da
1001 1771 1150 1849 superbia

140 1886 173 1936 et
186 1872 234 1951 *Ἴ
254 1872 435 1935 cmdctitate
460 1869 557 1933 vestri
582 1870 701 1933 ordinis
723 1870 974 1951 proclamabitum
1019 1870 1149 1952 Quippe

140 1976 223 2037 haud
238 1974 340 2037 minus
356 1973 389 2033 in
408 1991 598 2055 quemquam
614 1982 754 2035 vestrum
771 1975 835 2035 hac
848 1970 959 2034 recidit
973 1972 1149 2047 accusatio,

142 2075 197 2157 qui
213 2073 320 2142 forne,
348 2093 441 2155 quam
459 2072 490 2134 in
507 2092 596 2146 etim,
626 2072 682 2155 qui
696 2074 889 2152 perpetravit
904 2076 1040 2150 scelera,
1064 2077 1153 2157 quod

141 2175 199 2237 iste
219 2175 352 2247 audere,
384 2195 443 2237 vos
462 2172 637 2255 approbare
655 2172 848 2237 videbimini.
887 2175 956 2236 Nec
968 2176 1027 2237 ulla
1044 2172 1152 2235 aitdic·

140 2288 191 2338 tur
211 2274 390 2349 excusatio,
426 2294 493 2336 non
523 2274 701 2339 restitntrnu
726 2296 745 2337 a
774 2273 866 2339 vohis
893 2296 985 2341 rcum
1007 2285 1151 2339 extreme

141 2398 243 2456 nuper
268 2375 418 2449 fractum,
454 2396 574 2437 summe
595 2387 800 2459 peremptum.
843 2378 897 2439 An
922 2399 990 2455 rton
1015 2376 1072 2439 diu
1091 2397 1153 2454 pro

141 2476 372 2539 damnatissiruo
394 2476 455 2538 fuit
478 2476 562 2538 iste?
599 2478 664 2538 Ant
692 2477 769 2558 quid
792 2478 907 2551 refert,
936 2498 994 2539 sua
1017 2480 1154 2560 quistpre

141 2578 349 2653 conscientia,
374 2579 438 2641 suis
459 2577 548 2639 factis
565 2579 744 2651 damnetur,
764 2599 803 2638 an
817 2576 957 2659 judicum
974 2566 1153 2639 sententia?

143 2679 281 2741 omnium
300 2678 461 2740 homimun
481 2679 647 2758 opinione,
680 2701 718 2739 uu
742 2699 807 2740 uno
831 2677 971 2760 ‹produm'
987 2677 1151 2741 verbulo?

140 2780 171 2840 A
190 2778 281 2839 vobis
308 2778 359 2857 ajo
379 2780 540 2840 restitutus
557 2778 616 2841 iste
634 2778 803 2856 putabitur.¹
851 2778 990 2841 Parvos
1010 2780 1151 2855 stetisse,

143 2878 312 2961 quominus
349 2877 503 2956 supplicio
544 2876 671 2938 affectus
705 2878 744 2939 sit
782 2878 1021 2942 nocentissimus
1055 2901 1151 2951 reus,

142 2979 314 3061 loquentur
328 2976 480 3039 homines.
521 2976 582 3039 Cui
603 2978 848 3041 incommoditati
864 2980 1021 3042 occurrite
1034 3002 1153 3064 quaeso,

145 3084 342 3159 vestramque
376 3076 508 3151 samam,
557 3089 692 3141 vestram
730 3079 992 3142 existimationem
1018 3083 1153 3144 salvate!

143 3176 211 3237 Nec
223 3174 285 3256 jam
299 3178 393 3240 vestri
406 3179 463 3240 istc
476 3178 595 3240 ordinis
605 3190 668 3252 est,
690 3180 763 3262 qui,
783 3201 848 3262 quo
862 3179 913 3242 die
926 3183 988 3243 hoc
1000 3183 1154 3245 conscivit

142 3276 247 3352 nefas,
268 3299 332 3340 non
351 3282 408 3341 hac
426 3290 545 3340 tantum
562 3278 727 3358 dignitato,
751 3280 807 3345 sed
822 3280 985 3343 consortio
1001 3303 1153 3364 quoque,

143 3390 174 3439 et
199 3379 420 3441 communione
445 3377 571 3441 humani
604 3379 727 3457 gutteris
756 3379 910 3441 abdicavit
937 3402 1024 3456 sese,
1066 3394 1097 3442 et
1121 3382 1154 3442 in

143 3479 228 3539 nrdlo
258 3498 391 3540 numero
416 3497 485 3539 esse
510 3477 633 3541 meruit.
677 3479 842 3542 Neminem
861 3481 1005 3560 vitupero
1027 3490 1154 3556 tamen,

143 3576 194 3637 cui
227 3577 338 3639 mansit
371 3596 442 3639 cnm
482 3578 550 3638 itto·
570 3578 695 3640 foederis
731 3581 890 3656 conditio,
927 3590 959 3640 te
992 3581 1157 3645 Saxonum

144 3676 290 3757 princeps
317 3678 519 3741 vehementer
554 3680 740 3741 laudandtnn
770 3692 868 3760 puto,
913 3681 970 3764 qui
1004 3682 1156 3762 tantisper

142 3770 309 3843 amicitiam
331 3778 387 3840 tihi
408 3781 486 3840 hanc
507 3781 671 3843 colendam
697 3792 782 3841 ratus
811 3799 862 3854 es,
893 3781 997 3845 donec
1014 3784 1153 3845 humana

143 3874 301 3947 sociata&
323 3881 478 3961 particeps
500 3881 557 3944 iste
584 3882 760 3961 putabatur.
815 3880 989 3965 Postquam
1014 3902 1048 3944 se
1074 3902 1153 3943 vero

143 3974 310 4057 teulerias
323 3978 515 4060 improbitati
532 3981 718 4056 obstrinxit,
738 3992 771 4044 et
786 4001 824 4043 ea
843 3982 1054 4061 perpetravit,
1074 4002 1154 4065 que,

143 4078 170 4141 si
189 4076 224 4143 in
239 4082 360 4151 nulium
382 4101 522 4163 unquam
545 4079 698 4159 judicium
715 4082 894 4157 venissent,
926 4094 1035 4163 suapte
1052 4092 1156 4144 tamen

144 4178 177 4240 vi
195 4198 233 4241 ae
245 4190 356 4249 natant
375 4180 624 4255 itt-affecissent,
656 4194 692 4243 ut
714 4184 800 4245 nullo
816 4183 877 4247 isto
899 4182 1061 4246 hominum
1079 4204 1156 4244 con·

146 4280 307 4355 tubernio,
328 4293 358 4342 et
371 4281 536 4359 convictu,
556 4283 672 4349 nedum
685 4283 833 4367 principis
847 4283 907 4354 viri
925 4283 1155 4349 consuetudine

150 4428 340 4453 ...Ἦ

153 4502 217 4609 2,
227 4494 291 4565 ΜΒ.
301 4484 545 4601 'Qffmw
560 4523 692 4580 helaesezt.
727 4515 768 4575 “t
786 4531 826 4582 et,
845 4534 879 4572 aa.

365 4602 396 4633 ἱ..
