2624 5108
610 720 713 840 Eiut.
1108 764 1181 839 463

142 982 208 1023 non
226 973 273 1023 est
290 961 476 1023 intellectus.
512 961 627 1023 Erravi
644 959 725 1021 sicut
739 958 816 1033 bos,
838 958 894 1041 qui
909 959 1019 1037 periit,
1040 970 1073 1023 et
1086 959 1185 1023 frona=

141 1062 318 1124 meretricis
356 1062 439 1123 sacta
475 1073 523 1124 est
557 1061 654 1123 mihi:
701 1061 851 1142 quoniam
886 1059 1067 1141 iniquitates
1101 1081 1178 1122 meae
1253 1078 1260 1096 ¹

143 1183 358 1245 supergressa
385 1174 459 1224 sunt
485 1165 643 1225 cucullum
663 1183 792 1236 meum,
826 1172 858 1221 et
877 1160 959 1223 sieut
980 1181 1060 1222 onus
1082 1183 1180 1243 grave

144 1275 281 1345 gravata
309 1274 383 1324 sunt
409 1284 505 1344 super
530 1286 591 1326 me.
643 1263 841 1325 Putruerunt
868 1273 900 1324 et
927 1272 1085 1340 corrupta
1106 1248 1179 1324 sunt

144 1364 345 1428 romanitates
376 1386 474 1441 meae,
512 1387 529 1425 a
556 1364 639 1426 facie
671 1361 821 1424 veritatis.
872 1363 949 1424 Haec
983 1362 1102 1437 habui,
1136 1360 1180 1423 mi

143 1467 292 1540 Atvetdt,
315 1488 384 1548 quo
405 1467 438 1528 in
455 1488 523 1529 rem
543 1478 628 1527 tuam
650 1463 716 1525 visa
737 1476 810 1526 sunt
829 1465 983 1540 attinere,
1012 1465 1038 1524 si
1059 1463 1180 1546 aliquid

144 1565 230 1627 alind
268 1567 302 1627 in
338 1568 490 1630 mandatis
528 1568 567 1628 ab
600 1568 819 1647 Imperatore,
858 1587 981 1629 summo
1019 1565 1179 1627 Pontifiee

142 1667 309 1743 habuero,
341 1670 429 1749 quod
454 1680 541 1730 tuam
566 1666 830 1732 Alveldialitatem
856 1667 1015 1749 attigerit,
1046 1667 1123 1729 nibil
1148 1679 1180 1729 te

145 1768 267 1829 celabo.
316 1768 380 1828 Sed
403 1769 481 1831 ittud
506 1789 588 1851 pene
616 1767 795 1830 excidisset.
842 1768 999 1830 Miramur
1024 1772 1120 1831 multa
1148 1767 1180 1830 in

147 1868 209 1928 tuis
236 1869 417 1930 tractatibus
445 1870 582 1931 inveniri
609 1890 726 1952 greca,
760 1868 925 1943 hebraica,
963 1868 1177 1944 noverriatiea,

146 1966 359 2048 apulejarrica,
382 1968 561 2045 vulcanica,
583 1968 862 2044 kolberfartiatica,
884 1971 974 2048 ptura
994 1969 1180 2046 Romanica,

144 2073 242 2133 multa
255 2071 328 2132 item
342 2082 411 2144 tna,
431 2070 464 2131 id
483 2082 532 2132 est
549 2071 718 2146 alveidica,
737 2071 813 2134 nihil
833 2083 936 2133 tamen
955 2068 1179 2132 Christianum.

148 2173 255 2251 Quare
276 2172 309 2232 in
331 2183 495 2251 posterum
521 2171 709 2251 prudentius
734 2193 805 2235 rem
824 2184 909 2234 tuam
935 2191 995 2253 age
1020 2191 1093 2231 cum
1117 2169 1180 2231 tuis

144 2271 243 2332 latriis
276 2284 306 2333 ot
345 2272 549 2347 tractatibus,
592 2283 687 2355 atque
720 2285 810 2336 tuum
842 2272 930 2335 illum
963 2283 1180 2335 correctorem
1233 2347 1236 2351 .

146 2373 402 2452 magistercnlum
422 2372 693 2437 Novenianiseum
715 2385 746 2437 et
769 2372 939 2435 asinarium
957 2379 1075 2451 Apulei
1101 2394 1180 2452 prie-

145 2493 259 2546 mono,
294 2495 334 2535 ne
358 2485 420 2534 tam
440 2473 579 2535 absurde
601 2473 826 2556 greco-latina
845 2484 877 2533 et
895 2471 1181 2555 hebraico-greca

144 2573 207 2634 tuis
227 2573 284 2635 ittis
305 2573 487 2635 tractatibus
511 2573 713 2635 immisceant.
755 2573 807 2634 Tu
827 2572 911 2635 enim
929 2584 1080 2656 tanquam
1105 2574 1179 2637 sim·

144 2676 220 2754 plen
244 2675 342 2736 frater
367 2698 409 2736 ex
435 2673 577 2736 instituto
600 2672 719 2736 ordinis
739 2673 786 2735 tui
805 2672 901 2735 latina
919 2694 986 2735 non
1007 2674 1181 2737 admodum

146 2778 256 2851 calles,
283 2790 372 2839 tacco
393 2796 495 2858 grece
517 2787 548 2838 et
569 2774 735 2847 hebraioe;
769 2775 855 2836 unde
876 2774 999 2849 omnia,
1027 2797 1097 2858 que
1118 2776 1189 2840 tuis.

144 2875 242 2937 latriis
261 2888 292 2936 ot
310 2877 491 2940 tractatibus
511 2875 691 2949 intrudunt,
712 2894 771 2953 pro
792 2884 823 2936 te
843 2895 914 2938 esse
932 2876 1054 2952 credis,
1076 2899 1176 2960 quum

148 2975 294 3036 omnibns
325 2977 427 3037 modis
461 2978 495 3038 in
524 2983 673 3041 Martini
706 2985 810 3055 partes
841 2975 965 3037 obeant.
1015 2979 1180 3057 Quorsum

147 3072 232 3132 enim
262 3075 372 3135 attinet
401 3077 645 3138 sacratissimum
676 3095 793 3137 nomen
823 3080 919 3136 lesus
947 3075 1009 3138 tuis
1042 3080 1196 3149 romani,

148 3172 264 3233 tatibus
285 3175 506 3252 proscribere,
538 3198 637 3258 quum
658 3174 877 3253 Franciscani,
907 3177 1125 3241 Romanenses
1145 3192 1179 3240 et

149 3272 279 3335 Eceiani
300 3273 384 3346 sitis,
415 3296 482 3336 non
503 3274 696 3339 Christiani?
735 3277 799 3338 Sed
826 3277 866 3337 de
893 3276 940 3338 his
966 3278 1056 3341 latius
1084 3283 1179 3361 petilo

148 3387 231 3455 post.
271 3377 352 3436 Vale
372 3375 498 3438 interim
516 3379 740 3441 Alveldiatiter.
775 3380 827 3439 Ex
844 3377 1016 3455 Paradiso,
1036 3384 1179 3444 secundo

147 3498 232 3538 anno
253 3487 326 3557 post
347 3496 441 3559 quam
466 3487 502 3538 tn
522 3498 563 3539 ex
583 3478 693 3542 insano
713 3481 816 3542 sactus
836 3498 870 3539 es
891 3482 1101 3547 stultissimus.
