2624 5108
160 869 231 946 stu
556 861 778 963 Triumphus

158 1064 283 1133 Sanior,
303 1060 440 1119 occisum
458 1074 524 1134 qus
541 1058 677 1117 Penthea
695 1068 794 1129 portat
811 1062 922 1132 Agave.

156 1158 258 1216 Nemo
278 1157 316 1212 ita
336 1155 465 1222 delirus,
485 1168 578 1209 nemo
595 1166 662 1235 ,asa
679 1152 813 1221 alienus,
832 1165 862 1211 et
879 1170 964 1213 extra

154 1251 191 1306 Se
210 1250 349 1323 positus,
367 1248 418 1320 qui
435 1264 498 1303 uon
516 1244 656 1331 serapam
675 1261 853 1315 agnosceret
871 1251 965 1309 illum.

151 1345 191 1399 At
208 1359 314 1416 sapere
331 1342 395 1397 hoc
412 1338 522 1408 subies,
540 1348 570 1395 ct
583 1322 670 1411 iqua
688 1341 836 1399 dementia
853 1358 952 1401 vestra
973 1349 1035 1417 est)

149 1435 265 1492 Mentis
285 1450 361 1506 opus
377 1433 476 1488 visum
496 1440 544 1487 est
564 1447 654 1489 sanas.
688 1432 770 1491 Nam
786 1436 907 1508 spiritua
926 1442 1028 1510 ajam,

29 1540 36 1555 ·
149 1528 243 1605 Quod
259 1542 413 1599 uunquam
430 1534 555 1597 poteras
572 1525 637 1583 ulle
648 1524 793 1615 plidiciasc
811 1532 973 1600 magistro,

145 1622 196 1678 Dc
213 1637 298 1675 sacra
316 1619 435 1690 quoties
452 1627 498 1673 est
517 1617 572 1675 rell
623 1682 626 1687 ¹
692 1678 695 1683 ,
716 1622 885 1693 quendum,

145 1713 326 1786 Simpliciter
343 1710 461 1779 doctis,
481 1698 669 1785 rectumff
733 1714 812 1771 tibus
830 1714 910 1771 iullat

142 1806 266 1881 Spiritus
284 1806 347 1860 hoc
364 1806 507 1863 unctus?
535 1814 620 1859 certe
631 1800 684 1875 ἤι’,
702 1816 732 1862 at
748 1822 806 1863 cur
823 1810 924 1881 potius
942 1828 1003 1867 nou

141 1898 293 1975 Quicquid
311 1898 341 1952 irr
356 1896 418 1965 laec
436 1897 551 1953 dictum
573 1906 618 1952 est
634 1914 651 1955 a
667 1900 758 1956 vobis
775 1902 846 1972 lite,
864 1905 911 1958 rel
931 1918 1052 1973 actum,

136 1992 306 2052 Phantasus
321 1990 386 2049 hec
403 1991 502 2047 voluit
519 1992 623 2047 somni
640 1994 805 2065 praedicere
823 1996 941 2052 trater?

136 2089 198 2143 Aut
214 2085 314 2140 varius
335 2090 429 2141 noctu
446 2082 645 2155 Morpheus?
663 2086 817 2159 fallaxque
835 2088 1016 2145 Phobetor?

134 2177 276 2249 Namque
295 2193 351 2246 ego
370 2175 523 2248 quondam
542 2176 621 2230 iuter
638 2181 807 2253 carpentels
827 2197 918 2251 pensa
938 2184 1052 2253 puellas

134 2273 261 2343 Semper
279 2268 388 2341 aliquid
404 2267 524 2337 simile,
543 2276 573 2322 et
590 2270 700 2327 vestris
719 2272 865 2345 equabile
881 2277 986 2343 augis,

131 2364 263 2433 Audivi,
280 2362 425 2433 tenuique
443 2376 532 2433 puer.
567 2360 725 2419 Didiclstis
742 2366 835 2421 anites

129 2458 164 2515 Iu
182 2456 277 2512 triviis
296 2463 398 2524 artes,
422 2462 452 2509 et
473 2462 595 2509 sanctus
615 2454 711 2511 dicitis
729 2458 801 2513 illud

130 2549 256 2623 Spiritus
276 2548 394 2603 infudit.
431 2547 492 2622 Qui
513 2547 538 2601 si
558 2546 704 2620 inspirare
722 2550 867 2620 volebat,

130 2640 194 2697 Cur
211 2658 274 2696 non
292 2641 356 2695 hcc
373 2641 473 2711 potius
493 2640 640 2711 (ispuioui
659 2658 675 2695 a
694 2642 761 2696 labe
780 2654 920 2711 remoto,

129 2735 239 2791 Sancto
257 2732 397 2801 homini,
415 2732 503 2802 cujus
521 2733 613 2788 vitam
629 2750 691 2789 nou
710 2736 817 2806 polluit
833 2738 928 2791 ullum

126 2828 294 2895 Dedecus,
312 2823 343 2881 iu
362 2825 449 2896 cujus
467 2841 572 2881 morea
589 2826 631 2881 aii
650 2837 761 2898 prater
776 2829 938 2884 honestum

126 2921 231 2989 Venit,
250 2929 279 2974 at
299 2929 344 2974 eat
361 2918 478 2974 animus
496 2920 588 2973 multa
607 2919 769 2975 illustratus
786 2919 824 2975 ab
842 2932 916 2977 erte.

124 3014 185 3068 Aut
203 3011 228 3066 si
246 3020 367 3067 sauctus
386 3011 411 3066 is
429 3019 475 3066 est
493 3010 657 3078 dicendus,
675 3014 726 3083 qui
744 3013 824 3067 dedit
840 3013 937 3082 istud,

125 3105 247 3181 Quique
265 3105 338 3160 nori
357 3120 479 3177 semper
496 3104 637 3176 quiddam
655 3105 704 3159 rel
720 3104 873 3161 hiantibus
890 3108 990 3178 inflat,

121 3198 226 3255 Dicite
246 3198 296 3270 qui
316 3197 428 3266 luerit,
447 3197 499 3268 qui
517 3212 639 3253 sacrum
657 3213 775 3254 armare
792 3214 913 3256 renerio

120 3292 256 3350 Edoauit
273 3291 385 3349 Christi
404 3304 539 3361 corpus,
560 3289 729 3361 mortisque
747 3293 895 3347 medelam

120 3385 214 3442 Exitii
234 3399 354 3439 eausam
374 3383 494 3448 facere,
518 3390 549 3436 et
565 3382 701 3439 tomenta
718 3383 820 3440 salutis

121 3477 241 3532 Credita
260 3482 433 3547 perpetuae,
454 3472 483 3527 in
502 3473 657 3530 crudelem
675 3484 795 3531 vertere
813 3479 950 3549 caedem,

118 3568 204 3624 Num
221 3567 300 3621 male
318 3574 391 3621 nota
408 3570 510 3623 canc?
535 3569 615 3623 male
631 3577 721 3636 nota,
741 3569 795 3625 sed
813 3574 926 3628 occidit
942 3574 995 3628 illo

117 3660 267 3730 Septimus
286 3659 437 3716 Henricus
454 3660 574 3730 gladie,
592 3661 781 3734 mixtumque
800 3667 927 3737 pereuni

116 3751 194 3808 Cum
213 3753 273 3808 vita
293 3752 445 3809 interitum
464 3754 579 3810 mensis
598 3757 716 3827 accepit
734 3756 868 3827 eisdem,

114 3846 143 3903 E
160 3847 301 3902 manibus
319 3846 445 3903 Pauline
462 3847 533 3903 tuis.
568 3848 643 3904 Non
658 3850 723 3905 hcc
740 3851 842 3907 scelus
861 3853 943 3922 ajunt

114 3939 266 3997 Nostrum
288 3950 351 4007 est,
372 3940 422 4011 qui
442 3941 543 3995 multis
561 3942 766 3998 successimus
785 3944 887 4011 annis,

112 4039 152 4089 At
172 4043 273 4088 vester
292 4050 388 4089 cocus
400 4014 457 4089 ‘ille
481 4033 555 4101 luit,
574 4034 625 4105 qui
642 4035 764 4090 miscuit
782 4036 852 4089 artis

112 4126 312 4182 condimenta
330 4144 428 4183 aovae.
465 4126 582 4193 Semel,
602 4126 716 4199 inquis,
735 4127 864 4182 lecimus
882 4129 963 4185 illud.

110 4219 209 4275 Berua
227 4229 335 4290 negat,
359 4219 545 4291 scelerisque
564 4220 651 4275 affert
667 4222 853 4277 monimenta
869 4225 1005 4279 secundi.

108 4310 266 4385 Tempore
280 4314 344 4382 Jam
361 4323 482 4367 nostro.
518 4312 601 4367 Tum
623 4329 681 4367 ros
698 4314 811 4369 ussisse
828 4314 930 4387 sapito

105 4403 240 4461 Vulnera
257 4405 411 4473 Jessero,
433 4413 462 4459 et
478 4414 615 4461 sanctum
632 4407 766 4461 uoluisse
784 4406 879 4463 videri

104 4496 260 4556 Francisci
279 4501 409 4566 fratres,
422 4498 540 4570 jactent
554 4514 596 4555 ue
613 4499 730 4555 scilicet
747 4500 823 4556 ultra
