2624 5108
185 840 233 913 at
363 814 366 820 ’
612 830 778 931 Epistola

186 1030 327 1096 meritus.
364 1026 470 1093 Habet
478 1029 541 1091 hoc
556 1036 701 1109 tempore
713 1025 883 1089 Germania
895 1026 985 1109 quod
996 1046 1048 1091 me
1065 1026 1199 1091 delectet

186 1129 272 1195 nihil.
317 1128 529 1194 Acerbissime
547 1126 645 1205 -fficit
668 1126 787 1209 gentile
810 1128 935 1191 molum.
984 1124 1092 1191 Credo
1115 1128 1199 1209 apud

188 1228 344 1295 cesarem
363 1242 397 1291 et
415 1228 609 1293 convocatos
632 1227 807 1291 Germaniae
823 1227 988 1310 Principes
1004 1228 1200 1293 accusabitur

186 1353 271 1397 reus.
309 1332 383 1395 Sive
400 1331 516 1403 adero,
536 1350 579 1391 ex
599 1348 651 1393 mc
669 1327 748 1411 quid
766 1331 821 1393 liat
836 1328 957 1405 disces,
976 1329 1043 1393 sive
1060 1330 1102 1392 ad
1117 1340 1149 1391 te
1167 1328 1201 1391 in

51 1434 56 1443 '
185 1432 305 1497 Italiam
319 1432 391 1506 ibo,
418 1429 495 1493 nihil
514 1427 740 1513 ignorabimus.
776 1430 889 1493 Potest
903 1432 969 1495 hec
988 1440 1060 1493 atas
1078 1429 1106 1491 si
1126 1429 1202 1493 nihil

186 1533 287 1607 aliud,
307 1531 484 1595 hoooaltem
495 1550 616 1593 nemim
625 1540 658 1593 et
668 1529 872 1595 memorabile
879 1529 1056 1614 posteritati
1066 1531 1203 1595 tradere.

186 1633 274 1716 Quid
295 1630 397 1695 alimur
416 1630 549 1721 ignoro,
576 1632 638 1695 hoc
660 1652 759 1695 uniam
780 1632 865 1709 scio,
891 1634 981 1717 quod
1003 1634 1083 1697 male
1099 1632 1204 1695 fortu-

186 1733 250 1797 nati
262 1753 369 1797 sumus
382 1736 525 1793 Hatteni.
563 1732 688 1795 Verum
703 1734 786 1795 hunc
802 1735 921 1798 luctum
935 1754 993 1813 per
1005 1754 1041 1795 se
1054 1752 1201 1813 maganum

185 1834 315 1919 quidem
352 1844 449 1914 auget
480 1842 584 1895 tamen
615 1828 718 1897 ulhuc
738 1834 876 1905 Itelvotfi
911 1834 1026 1897 obitus.
1079 1830 1201 1897 Calculi

185 1935 298 1999 morbo
319 1932 451 2008 occidit,
477 1953 544 2015 quo
563 1932 724 1997 laborabat
744 1934 866 2019 aliquot
880 1933 943 2016 jam
961 1956 1077 2010 annos,
1104 1954 1165 1997 nec
1182 1954 1202 1995 a

184 2035 313 2100 medicis
336 2032 501 2105 subveniri
519 2045 654 2116 poterat.
702 2036 796 2099 Mors
817 2033 893 2101 mihi
912 2033 998 2117 ejus,
1030 2048 1065 2099 nt
1083 2036 1201 2117 impor-

183 2150 260 2201 tuna
289 2135 418 2211 accidit,
456 2134 500 2199 ita
530 2156 678 2219 magnum
710 2134 814 2201 urimo
843 2137 991 2201 dolorem
1019 2136 1200 2201 concitavit.

184 2238 348 2321 lnccpcrat
367 2234 575 2319 pulcherrime
599 2235 710 2299 studiis
734 2234 812 2299 nicia
829 2240 1011 2314 cornialerc,
1042 2249 1139 2323 atque
1162 2258 1201 2303 ea

183 2360 250 2403 non
267 2341 403 2403 obscure
422 2336 486 2420 jam
503 2350 723 2422 promoverat,
742 2336 916 2420 principem
933 2350 1042 2403 nactus
1055 2338 1201 2421 juvandis

182 2440 280 2505 literis
306 2436 459 2505 idoneum
486 2448 651 2507 Anertum
666 2438 951 2521 Archiepiscopum
974 2441 1201 2523 Moguntinum

184 2540 241 2626 qiri
261 2541 483 2624 propositurus
500 2540 611 2605 virtuti
635 2539 761 2622 praemia
787 2540 944 2615 creditur,
976 2553 1008 2602 et
1028 2559 1202 2623 perquem

183 2642 327 2707 tutorum
343 2654 453 2725 putant
468 2642 628 2715 homines,
646 2651 683 2702 ut
701 2652 787 2705 recta
801 2640 906 2703 studia
919 2641 1109 2712 coalescant,
1129 2640 1201 2700 bar·

182 2743 286 2807 baries
311 2745 428 2804 exulet.
473 2740 559 2801 Huic
582 2759 721 2803 menon
744 2738 894 2803 inutiliter
918 2740 1201 2803 commendaverat.

184 2843 349 2909 studiosos
367 2840 452 2899 enim
468 2840 607 2913 amabat,
634 2858 671 2900 ac
701 2838 840 2902 literatos
858 2838 997 2913 omneis,
1027 2852 1058 2902 et
1077 2843 1202 2905 amaba-

183 2954 234 3005 tnr
258 2943 326 3022 ipse
352 2937 492 3001 vicissim
513 2938 553 3001 ab
576 2938 731 3021 omnihus.
779 2938 895 3002 Latine
911 2939 1035 3003 dicebat
1056 2955 1201 3025 prompte

183 3052 216 3104 et
236 3040 430 3120 inccrnrpte.
479 3037 608 3120 Scriptis
633 3039 728 3101 etiam
749 3040 903 3122 elegantia
922 3061 959 3103 ac
980 3040 1116 3123 dignitas
1134 3045 1202 3107 inc-

182 3151 263 3205 rant.
300 3140 420 3203 Praeter
431 3149 544 3203 crotera
559 3138 731 3203 humanitas
742 3137 844 3219 major
861 3152 955 3225 qnam
966 3143 1069 3206 aulico
1082 3144 1201 3207 homini

182 3244 367 3309 crederetur
379 3239 534 3303 accidere.
572 3239 772 3321 Frequenter
789 3260 824 3303 se
842 3244 1079 3307 commendabat
1095 3245 1201 3306 amieis

183 3365 241 3428 per
257 3344 420 3425 epistolas,
447 3358 580 3421 quarum
597 3345 671 3401 sunt
685 3340 796 3424 aliquae
814 3343 938 3415 adme,
957 3347 1050 3418 tales,
1077 3357 1113 3407 nt
1130 3365 1201 3409 cnm

183 3442 389 3508 ulmiratione
407 3426 527 3522 tegrin,
556 3439 677 3522 quippe
694 3464 764 3524 qne
785 3442 825 3503 ab
849 3441 976 3503 homine
997 3444 1203 3525 negotiorum

183 3539 399 3625 magnitudine
418 3562 436 3603 a
457 3538 567 3603 studiis
584 3537 746 3621 sejuncto,
766 3550 828 3603 tam
847 3540 949 3604 latine
964 3552 1027 3605 tarn
1046 3543 1202 3626 castigatae

183 3641 370 3726 prodierint.
408 3638 537 3702 Latinas
567 3641 672 3705 literas
688 3642 722 3705 in
745 3642 833 3706 ltalia
854 3641 1022 3717 didicerat,
1053 3656 1088 3707 ut
1106 3647 1202 3727 pluri-

184 3728 270 3807 mum
291 3751 487 3822 preceptore
513 3747 659 3818 Philippo
674 3744 848 3817 Beroauo,
881 3763 976 3824 quem
993 3764 1059 3806 non
1078 3746 1203 3809 modica

184 3841 366 3907 liberalitate
384 3842 594 3903 ‹tenemern
633 3836 802 3918 Attingens
820 3852 930 3919 postea
946 3841 1087 3917 craeeas,
1107 3866 1202 3906 rovo-

184 3956 272 4006 catns
288 3954 336 4003 est
351 3962 369 4003 a
387 3941 462 4003 suis.
501 3940 538 4001 ld
557 3938 647 4021 qnod
659 3958 741 4017 saepe
758 3937 850 4017 queri
869 3939 992 4003 auditus
1009 3953 1067 4003 est.
1105 3940 1202 4024 Quod

185 4063 308 4106 summo
337 4042 465 4104 landum
499 4038 578 4101 illins
607 4039 680 4097 loco
716 4036 842 4106 resero,
881 4040 1014 4120 primum
1043 4054 1075 4103 ct
1104 4065 1203 4107 unum

184 4142 277 4224 hujus
313 4140 432 4204 ordinis
476 4134 644 4199 Gennania
672 4135 797 4212 habuit,
832 4138 888 4221 qui
921 4161 994 4205 curn
1018 4164 1203 4225 magniacum

184 4266 292 4307 renim
335 4236 603 4304 administratione
640 4235 800 4300 literarum
827 4240 942 4303 studia
979 4242 1200 4328 conjungeret.

185 4345 325 4424 Magnus
348 4351 414 4403 erat
434 4339 473 4400 ad
493 4337 579 4399 illumi
606 4336 802 4400 literatorum
823 4360 1006 4404 concursus.
1045 4346 1201 4408 Salutahat

53 4444 58 4453 '
186 4463 311 4519 onmes,
338 4437 486 4525 praesidio
512 4448 578 4501 erat
601 4437 715 4502 miultis.
754 4436 893 4524 Fuitque
913 4442 1014 4526 prima
1039 4442 1081 4506 illi
1106 4468 1200 4523 cura,
