<?xml version="1.0" encoding="UTF-8"?>
<!DOCTYPE html PUBLIC "-//W3C//DTD XHTML 1.0 Transitional//EN"
    "http://www.w3.org/TR/xhtml1/DTD/xhtml1-transitional.dtd">
<html xmlns="http://www.w3.org/1999/xhtml" xml:lang="en" lang="en">
 <head>
  <title>
</title>
<meta http-equiv="Content-Type" content="text/html;charset=utf-8" />
  <meta name='ocr-system' content='tesseract 3.04.00' />
  <meta name='ocr-capabilities' content='ocr_page ocr_carea ocr_par ocr_line ocrx_word'/>
</head>
<body>
  <div class='ocr_page' id='page_1' title='image "./ulrichiabhutten03mngoog_0092.png"; bbox 0 0 2624 5108; ppageno 0'>
   <div class='ocr_carea' id='block_1_1' title="bbox 84 39 970 393">
    <p class='ocr_par' dir='ltr' id='par_1_1' title="bbox 84 39 970 393">
     <span class='ocr_line' id='line_1_1' title="bbox 84 39 970 393; baseline -0.014 0"><span class='ocrx_word' id='word_1_1' title='bbox 84 39 970 393; x_wconf 58' lang='grc' dir='ltr'><em>Ε</em></span> 
     </span>
    </p>
   </div>
   <div class='ocr_carea' id='block_1_2' title="bbox 500 821 1143 909">
    <p class='ocr_par' dir='ltr' id='par_1_2' title="bbox 500 821 1143 909">
     <span class='ocr_line' id='line_1_2' title="bbox 500 821 1143 909; baseline 0.002 -14"><span class='ocrx_word' id='word_1_2' title='bbox 500 821 627 897; x_wconf 81' lang='lat' dir='ltr'>Oratio</span> <span class='ocrx_word' id='word_1_3' title='bbox 651 822 780 896; x_wconf 85' lang='lat' dir='ltr'>Prima.</span> <span class='ocrx_word' id='word_1_4' title='bbox 1101 830 1143 909; x_wconf 81' lang='lat'>79</span> 
     </span>
    </p>
   </div>
   <div class='ocr_carea' id='block_1_3' title="bbox 139 1011 1156 4205">
    <p class='ocr_par' dir='ltr' id='par_1_3' title="bbox 139 1011 1156 4205">
     <span class='ocr_line' id='line_1_3' title="bbox 146 1011 1145 1097; baseline 0.006 -20"><span class='ocrx_word' id='word_1_5' title='bbox 146 1036 283 1093; x_wconf 77' lang='lat' dir='ltr'>oramus,</span> <span class='ocrx_word' id='word_1_6' title='bbox 305 1038 341 1078; x_wconf 88' lang='lat' dir='ltr'>ac.</span> <span class='ocrx_word' id='word_1_7' title='bbox 350 1018 556 1092; x_wconf 85' lang='lat' dir='ltr'>obtestamur,</span> <span class='ocrx_word' id='word_1_8' title='bbox 575 1011 725 1097; x_wconf 86' lang='lat' dir='ltr'>primum,</span> <span class='ocrx_word' id='word_1_9' title='bbox 745 1036 786 1078; x_wconf 92' lang='lat' dir='ltr'>ne</span> <span class='ocrx_word' id='word_1_10' title='bbox 804 1015 960 1081; x_wconf 89' lang='lat' dir='ltr'>communi</span> <span class='ocrx_word' id='word_1_11' title='bbox 973 1021 1145 1085; x_wconf 71' lang='lat' dir='ltr'>Germanice</span> 
     </span>
     <span class='ocr_line' id='line_1_4' title="bbox 144 1113 1147 1197; baseline 0.008 -18"><span class='ocrx_word' id='word_1_12' title='bbox 144 1122 226 1183; x_wconf 88' lang='lat' dir='ltr'>bono</span> <span class='ocrx_word' id='word_1_13' title='bbox 252 1117 357 1193; x_wconf 82' lang='lat' dir='ltr'>desis,</span> <span class='ocrx_word' id='word_1_14' title='bbox 392 1118 506 1179; x_wconf 86' lang='lat' dir='ltr'>deinde</span> <span class='ocrx_word' id='word_1_15' title='bbox 531 1136 572 1177; x_wconf 90' lang='lat' dir='ltr'>ne</span> <span class='ocrx_word' id='word_1_16' title='bbox 599 1138 658 1179; x_wconf 82' lang='lat' dir='ltr'>nos</span> <span class='ocrx_word' id='word_1_17' title='bbox 683 1113 962 1197; x_wconf 86' lang='lat' dir='ltr'>perditissimonnn</span> <span class='ocrx_word' id='word_1_18' title='bbox 986 1122 1147 1187; x_wconf 87' lang='lat' dir='ltr'>bominum</span> 
     </span>
     <span class='ocr_line' id='line_1_5' title="bbox 141 1215 1146 1301; baseline 0.007 -22"><span class='ocrx_word' id='word_1_19' title='bbox 141 1218 279 1281; x_wconf 68' lang='lat' dir='ltr'>arulacire.</span> <span class='ocrx_word' id='word_1_20' title='bbox 300 1229 330 1277; x_wconf 90' lang='lat' dir='ltr'>ct</span> <span class='ocrx_word' id='word_1_21' title='bbox 341 1218 371 1293; x_wconf 66' lang='lat'>⁵³)</span> <span class='ocrx_word' id='word_1_22' title='bbox 388 1215 582 1279; x_wconf 77' lang='lat' dir='ltr'>contumelio</span> <span class='ocrx_word' id='word_1_23' title='bbox 595 1236 751 1297; x_wconf 76' lang='lat' dir='ltr'>exponas,</span> <span class='ocrx_word' id='word_1_24' title='bbox 783 1227 882 1301; x_wconf 85' lang='lat' dir='ltr'>utque</span> <span class='ocrx_word' id='word_1_25' title='bbox 897 1216 1035 1299; x_wconf 66' lang='lat' dir='ltr'>justina,</span> <span class='ocrx_word' id='word_1_26' title='bbox 1055 1218 1146 1301; x_wconf 82' lang='lat' dir='ltr'>cujtu</span> 
     </span>
     <span class='ocr_line' id='line_1_6' title="bbox 141 1314 1147 1404; baseline 0.004 -26"><span class='ocrx_word' id='word_1_27' title='bbox 141 1330 176 1404; x_wconf 82' lang='lat' dir='ltr'>tu</span> <span class='ocrx_word' id='word_1_28' title='bbox 202 1319 235 1379; x_wconf 94' lang='lat' dir='ltr'>in</span> <span class='ocrx_word' id='word_1_29' title='bbox 263 1316 352 1377; x_wconf 83' lang='lat' dir='ltr'>terris</span> <span class='ocrx_word' id='word_1_30' title='bbox 375 1316 475 1379; x_wconf 82' lang='lat' dir='ltr'>vicem</span> <span class='ocrx_word' id='word_1_31' title='bbox 496 1314 598 1396; x_wconf 78' lang='lat' dir='ltr'>geris,</span> <span class='ocrx_word' id='word_1_32' title='bbox 623 1337 744 1379; x_wconf 90' lang='lat' dir='ltr'>memor</span> <span class='ocrx_word' id='word_1_33' title='bbox 764 1318 814 1379; x_wconf 86' lang='lat' dir='ltr'>sis.</span> <span class='ocrx_word' id='word_1_34' title='bbox 859 1319 932 1379; x_wconf 86' lang='lat' dir='ltr'>Non</span> <span class='ocrx_word' id='word_1_35' title='bbox 950 1318 1061 1396; x_wconf 85' lang='lat' dir='ltr'>babes,</span> <span class='ocrx_word' id='word_1_36' title='bbox 1090 1342 1147 1382; x_wconf 86' lang='lat' dir='ltr'>cnr</span> 
     </span>
     <span class='ocr_line' id='line_1_7' title="bbox 143 1414 1147 1500; baseline 0.002 -23"><span class='ocrx_word' id='word_1_37' title='bbox 143 1420 246 1497; x_wconf 83' lang='lat' dir='ltr'>justus</span> <span class='ocrx_word' id='word_1_38' title='bbox 269 1436 338 1479; x_wconf 81' lang='lat' dir='ltr'>esre</span> <span class='ocrx_word' id='word_1_39' title='bbox 357 1414 447 1477; x_wconf 89' lang='lat' dir='ltr'>nolis.</span> <span class='ocrx_word' id='word_1_40' title='bbox 483 1416 587 1497; x_wconf 76' lang='lat' dir='ltr'>Digna</span> <span class='ocrx_word' id='word_1_41' title='bbox 604 1426 659 1479; x_wconf 91' lang='lat' dir='ltr'>tuo</span> <span class='ocrx_word' id='word_1_42' title='bbox 682 1428 776 1493; x_wconf 89' lang='lat' dir='ltr'>nutu,</span> <span class='ocrx_word' id='word_1_43' title='bbox 804 1429 861 1480; x_wconf 91' lang='lat' dir='ltr'>tuo</span> <span class='ocrx_word' id='word_1_44' title='bbox 880 1440 1007 1481; x_wconf 89' lang='lat' dir='ltr'>assensu</span> <span class='ocrx_word' id='word_1_45' title='bbox 1025 1419 1147 1500; x_wconf 79' lang='lat' dir='ltr'>petitio.</span> 
     </span>
     <span class='ocr_line' id='line_1_8' title="bbox 144 1514 1147 1601; baseline 0.003 -22"><span class='ocrx_word' id='word_1_46' title='bbox 144 1518 194 1579; x_wconf 87' lang='lat' dir='ltr'>Ne</span> <span class='ocrx_word' id='word_1_47' title='bbox 217 1516 284 1579; x_wconf 79' lang='lat' dir='ltr'>sine</span> <span class='ocrx_word' id='word_1_48' title='bbox 307 1514 459 1577; x_wconf 69' lang='lat' dir='ltr'>inutiliter</span> <span class='ocrx_word' id='word_1_49' title='bbox 481 1515 599 1577; x_wconf 83' lang='lat' dir='ltr'>ellinrdi</span> <span class='ocrx_word' id='word_1_50' title='bbox 627 1536 698 1579; x_wconf 88' lang='lat' dir='ltr'>eum</span> <span class='ocrx_word' id='word_1_51' title='bbox 723 1518 922 1601; x_wconf 70' lang='lat' dir='ltr'>satagarinem,</span> <span class='ocrx_word' id='word_1_52' title='bbox 952 1518 1007 1601; x_wconf 87' lang='lat' dir='ltr'>qui</span> <span class='ocrx_word' id='word_1_53' title='bbox 1031 1540 1091 1599; x_wconf 89' lang='lat' dir='ltr'>pro</span> <span class='ocrx_word' id='word_1_54' title='bbox 1115 1531 1147 1582; x_wconf 89' lang='lat' dir='ltr'>tc</span> 
     </span>
     <span class='ocr_line' id='line_1_9' title="bbox 143 1615 1148 1701; baseline 0.003 -23"><span class='ocrx_word' id='word_1_55' title='bbox 143 1616 255 1679; x_wconf 78' lang='lat' dir='ltr'>solitus</span> <span class='ocrx_word' id='word_1_56' title='bbox 277 1626 325 1679; x_wconf 79' lang='lat' dir='ltr'>est</span> <span class='ocrx_word' id='word_1_57' title='bbox 349 1616 510 1677; x_wconf 91' lang='lat' dir='ltr'>commode</span> <span class='ocrx_word' id='word_1_58' title='bbox 533 1636 569 1677; x_wconf 89' lang='lat' dir='ltr'>ac</span> <span class='ocrx_word' id='word_1_59' title='bbox 590 1615 733 1693; x_wconf 84' lang='lat' dir='ltr'>fortiter,</span> <span class='ocrx_word' id='word_1_60' title='bbox 761 1618 816 1701; x_wconf 83' lang='lat' dir='ltr'>qui</span> <span class='ocrx_word' id='word_1_61' title='bbox 838 1620 865 1682; x_wconf 84' lang='lat' dir='ltr'>si</span> <span class='ocrx_word' id='word_1_62' title='bbox 885 1618 1065 1694; x_wconf 82' lang='lat' dir='ltr'>Gallorum,</span> <span class='ocrx_word' id='word_1_63' title='bbox 1096 1630 1148 1681; x_wconf 89' lang='lat' dir='ltr'>aut</span> 
     </span>
     <span class='ocr_line' id='line_1_10' title="bbox 142 1715 1149 1803; baseline 0.004 -25"><span class='ocrx_word' id='word_1_64' title='bbox 142 1720 343 1779; x_wconf 86' lang='lat' dir='ltr'>Venetorum</span> <span class='ocrx_word' id='word_1_65' title='bbox 356 1728 458 1799; x_wconf 77' lang='lat' dir='ltr'>strage</span> <span class='ocrx_word' id='word_1_66' title='bbox 470 1715 618 1779; x_wconf 85' lang='lat' dir='ltr'>lusubrcs</span> <span class='ocrx_word' id='word_1_67' title='bbox 630 1718 844 1780; x_wconf 76' lang='lat' dir='ltr'>madefecisset</span> <span class='ocrx_word' id='word_1_68' title='bbox 854 1740 995 1800; x_wconf 86' lang='lat' dir='ltr'>campos,</span> <span class='ocrx_word' id='word_1_69' title='bbox 1010 1719 1149 1803; x_wconf 85' lang='lat' dir='ltr'>gloriose</span> 
     </span>
     <span class='ocr_line' id='line_1_11' title="bbox 142 1814 1150 1901; baseline 0.003 -21"><span class='ocrx_word' id='word_1_70' title='bbox 142 1818 306 1881; x_wconf 73' lang='lat' dir='ltr'>terrenum.</span> <span class='ocrx_word' id='word_1_71' title='bbox 355 1814 422 1879; x_wconf 88' lang='lat' dir='ltr'>Pro</span> <span class='ocrx_word' id='word_1_72' title='bbox 449 1826 480 1875; x_wconf 88' lang='lat' dir='ltr'>te.</span> <span class='ocrx_word' id='word_1_73' title='bbox 507 1816 590 1877; x_wconf 89' lang='lat' dir='ltr'>enim</span> <span class='ocrx_word' id='word_1_74' title='bbox 618 1836 710 1879; x_wconf 88' lang='lat' dir='ltr'>omne</span> <span class='ocrx_word' id='word_1_75' title='bbox 739 1818 912 1899; x_wconf 87' lang='lat' dir='ltr'>pericnlum</span> <span class='ocrx_word' id='word_1_76' title='bbox 938 1820 1025 1881; x_wconf 86' lang='lat' dir='ltr'>adire</span> <span class='ocrx_word' id='word_1_77' title='bbox 1050 1820 1150 1901; x_wconf 87' lang='lat' dir='ltr'>parati</span> 
     </span>
     <span class='ocr_line' id='line_1_12' title="bbox 140 1914 1149 2001; baseline 0 -20"><span class='ocrx_word' id='word_1_78' title='bbox 140 1938 258 1981; x_wconf 80' lang='lat' dir='ltr'>sumus.</span> <span class='ocrx_word' id='word_1_79' title='bbox 305 1918 398 1979; x_wconf 87' lang='lat' dir='ltr'>Nunc</span> <span class='ocrx_word' id='word_1_80' title='bbox 426 1914 452 1977; x_wconf 86' lang='lat' dir='ltr'>is</span> <span class='ocrx_word' id='word_1_81' title='bbox 482 1916 638 1979; x_wconf 75' lang='lat' dir='ltr'>intercidit</span> <span class='ocrx_word' id='word_1_82' title='bbox 664 1916 733 1993; x_wconf 82' lang='lat' dir='ltr'>vir,</span> <span class='ocrx_word' id='word_1_83' title='bbox 765 1920 820 2001; x_wconf 91' lang='lat' dir='ltr'>qui</span> <span class='ocrx_word' id='word_1_84' title='bbox 849 1919 905 1981; x_wconf 87' lang='lat' dir='ltr'>tibi</span> <span class='ocrx_word' id='word_1_85' title='bbox 934 1918 1025 1995; x_wconf 81' lang='lat' dir='ltr'>usrri,</span> <span class='ocrx_word' id='word_1_86' title='bbox 1056 1919 1149 1982; x_wconf 79' lang='lat' dir='ltr'>nobie</span> 
     </span>
     <span class='ocr_line' id='line_1_13' title="bbox 140 2015 1149 2103; baseline 0.003 -24"><span class='ocrx_word' id='word_1_87' title='bbox 140 2018 235 2079; x_wconf 87' lang='lat' dir='ltr'>etiam</span> <span class='ocrx_word' id='word_1_88' title='bbox 254 2015 338 2079; x_wconf 87' lang='lat' dir='ltr'>laudi</span> <span class='ocrx_word' id='word_1_89' title='bbox 357 2026 443 2093; x_wconf 86' lang='lat' dir='ltr'>erat,</span> <span class='ocrx_word' id='word_1_90' title='bbox 473 2016 583 2079; x_wconf 85' lang='lat' dir='ltr'>necin</span> <span class='ocrx_word' id='word_1_91' title='bbox 605 2016 796 2100; x_wconf 73' lang='lat' dir='ltr'>aliquanta,</span> <span class='ocrx_word' id='word_1_92' title='bbox 825 2028 860 2079; x_wconf 91' lang='lat' dir='ltr'>nt</span> <span class='ocrx_word' id='word_1_93' title='bbox 881 2018 1006 2096; x_wconf 82' lang='lat' dir='ltr'>debuit,</span> <span class='ocrx_word' id='word_1_94' title='bbox 1031 2039 1149 2103; x_wconf 76' lang='lat' dir='ltr'>pugna,</span> 
     </span>
     <span class='ocr_line' id='line_1_14' title="bbox 139 2114 1150 2203; baseline 0.002 -22"><span class='ocrx_word' id='word_1_95' title='bbox 139 2140 198 2183; x_wconf 90' lang='lat' dir='ltr'>nee</span> <span class='ocrx_word' id='word_1_96' title='bbox 215 2118 305 2203; x_wconf 77' lang='lat' dir='ltr'>qarod</span> <span class='ocrx_word' id='word_1_97' title='bbox 324 2138 449 2198; x_wconf 84' lang='lat' dir='ltr'>semper</span> <span class='ocrx_word' id='word_1_98' title='bbox 463 2114 617 2180; x_wconf 75' lang='lat' dir='ltr'>laboravit</span> <span class='ocrx_word' id='word_1_99' title='bbox 631 2120 795 2183; x_wconf 78' lang='lat' dir='ltr'>adversum</span> <span class='ocrx_word' id='word_1_100' title='bbox 812 2128 884 2181; x_wconf 82' lang='lat' dir='ltr'>tuos</span> <span class='ocrx_word' id='word_1_101' title='bbox 898 2120 1019 2197; x_wconf 79' lang='lat' dir='ltr'>hostes,</span> <span class='ocrx_word' id='word_1_102' title='bbox 1039 2142 1150 2183; x_wconf 78' lang='lat' dir='ltr'>verum</span> 
     </span>
     <span class='ocr_line' id='line_1_15' title="bbox 141 2217 1149 2301; baseline 0.002 -20"><span class='ocrx_word' id='word_1_103' title='bbox 141 2234 173 2282; x_wconf 91' lang='lat' dir='ltr'>et</span> <span class='ocrx_word' id='word_1_104' title='bbox 186 2221 220 2281; x_wconf 92' lang='lat' dir='ltr'>in</span> <span class='ocrx_word' id='word_1_105' title='bbox 238 2220 321 2295; x_wconf 93' lang='lat' dir='ltr'>otio,</span> <span class='ocrx_word' id='word_1_106' title='bbox 340 2231 372 2279; x_wconf 85' lang='lat' dir='ltr'>et</span> <span class='ocrx_word' id='word_1_107' title='bbox 386 2217 582 2299; x_wconf 82' lang='lat' dir='ltr'>percutiente</span> <span class='ocrx_word' id='word_1_108' title='bbox 599 2218 713 2293; x_wconf 88' lang='lat' dir='ltr'>amico,</span> <span class='ocrx_word' id='word_1_109' title='bbox 733 2238 791 2295; x_wconf 91' lang='lat' dir='ltr'>eo,</span> <span class='ocrx_word' id='word_1_110' title='bbox 814 2240 909 2301; x_wconf 88' lang='lat' dir='ltr'>quem</span> <span class='ocrx_word' id='word_1_111' title='bbox 925 2220 1149 2283; x_wconf 69' lang='lat' dir='ltr'>immortalibus</span> 
     </span>
     <span class='ocr_line' id='line_1_16' title="bbox 144 2316 1149 2402; baseline -0.004 -20"><span class='ocrx_word' id='word_1_112' title='bbox 144 2320 210 2383; x_wconf 72' lang='lat' dir='ltr'>cuis</span> <span class='ocrx_word' id='word_1_113' title='bbox 230 2318 389 2381; x_wconf 73' lang='lat' dir='ltr'>beneficiis</span> <span class='ocrx_word' id='word_1_114' title='bbox 410 2318 625 2395; x_wconf 77' lang='lat' dir='ltr'>demeruerat,</span> <span class='ocrx_word' id='word_1_115' title='bbox 651 2316 740 2399; x_wconf 73' lang='lat' dir='ltr'>cujus</span> <span class='ocrx_word' id='word_1_116' title='bbox 761 2318 917 2402; x_wconf 86' lang='lat' dir='ltr'>obsequio</span> <span class='ocrx_word' id='word_1_117' title='bbox 938 2328 1071 2383; x_wconf 85' lang='lat' dir='ltr'>mortem</span> <span class='ocrx_word' id='word_1_118' title='bbox 1089 2317 1149 2381; x_wconf 80' lang='lat' dir='ltr'>sibi</span> 
     </span>
     <span class='ocr_line' id='line_1_17' title="bbox 143 2416 1151 2501; baseline -0.001 -21"><span class='ocrx_word' id='word_1_119' title='bbox 143 2417 324 2493; x_wconf 73' lang='lat' dir='ltr'>accersirit,</span> <span class='ocrx_word' id='word_1_120' title='bbox 349 2440 414 2480; x_wconf 91' lang='lat' dir='ltr'>non</span> <span class='ocrx_word' id='word_1_121' title='bbox 441 2417 606 2491; x_wconf 81' lang='lat' dir='ltr'>inarmis,</span> <span class='ocrx_word' id='word_1_122' title='bbox 637 2419 724 2501; x_wconf 92' lang='lat' dir='ltr'>quod</span> <span class='ocrx_word' id='word_1_123' title='bbox 748 2416 802 2480; x_wconf 93' lang='lat' dir='ltr'>illo</span> <span class='ocrx_word' id='word_1_124' title='bbox 828 2420 958 2501; x_wconf 80' lang='lat' dir='ltr'>dignum</span> <span class='ocrx_word' id='word_1_125' title='bbox 985 2426 1065 2492; x_wconf 84' lang='lat' dir='ltr'>erat,</span> <span class='ocrx_word' id='word_1_126' title='bbox 1093 2417 1151 2479; x_wconf 78' lang='lat' dir='ltr'>aed</span> 
     </span>
     <span class='ocr_line' id='line_1_18' title="bbox 144 2516 1151 2599; baseline -0.004 -18"><span class='ocrx_word' id='word_1_127' title='bbox 144 2519 265 2593; x_wconf 82' lang='lat' dir='ltr'>nudus,</span> <span class='ocrx_word' id='word_1_128' title='bbox 297 2528 327 2579; x_wconf 89' lang='lat' dir='ltr'>et</span> <span class='ocrx_word' id='word_1_129' title='bbox 352 2518 545 2581; x_wconf 78' lang='lat' dir='ltr'>indefensus.</span> <span class='ocrx_word' id='word_1_130' title='bbox 590 2518 652 2599; x_wconf 82' lang='lat' dir='ltr'>Qui</span> <span class='ocrx_word' id='word_1_131' title='bbox 681 2518 707 2579; x_wconf 86' lang='lat' dir='ltr'>si</span> <span class='ocrx_word' id='word_1_132' title='bbox 739 2516 884 2592; x_wconf 80' lang='lat' dir='ltr'>vixisset,</span> <span class='ocrx_word' id='word_1_133' title='bbox 919 2517 994 2580; x_wconf 91' lang='lat' dir='ltr'>nihil</span> <span class='ocrx_word' id='word_1_134' title='bbox 1022 2518 1151 2597; x_wconf 82' lang='lat' dir='ltr'>posthac</span> 
     </span>
     <span class='ocr_line' id='line_1_19' title="bbox 143 2617 1152 2703; baseline 0 -21"><span class='ocrx_word' id='word_1_135' title='bbox 143 2618 271 2703; x_wconf 82' lang='lat' dir='ltr'>regulus</span> <span class='ocrx_word' id='word_1_136' title='bbox 289 2618 429 2681; x_wconf 77' lang='lat' dir='ltr'>lactamur</span> <span class='ocrx_word' id='word_1_137' title='bbox 450 2630 532 2693; x_wconf 87' lang='lat' dir='ltr'>erat,</span> <span class='ocrx_word' id='word_1_138' title='bbox 562 2638 655 2701; x_wconf 89' lang='lat' dir='ltr'>qnam</span> <span class='ocrx_word' id='word_1_139' title='bbox 680 2618 713 2680; x_wconf 91' lang='lat' dir='ltr'>in</span> <span class='ocrx_word' id='word_1_140' title='bbox 737 2618 786 2678; x_wconf 88' lang='lat' dir='ltr'>illa</span> <span class='ocrx_word' id='word_1_141' title='bbox 812 2617 963 2679; x_wconf 82' lang='lat' dir='ltr'>adversus</span> <span class='ocrx_word' id='word_1_142' title='bbox 990 2618 1152 2682; x_wconf 87' lang='lat' dir='ltr'>Gallorum</span> 
     </span>
     <span class='ocr_line' id='line_1_20' title="bbox 143 2714 1152 2801; baseline 0.003 -21"><span class='ocrx_word' id='word_1_143' title='bbox 143 2739 252 2801; x_wconf 79' lang='lat' dir='ltr'>regem</span> <span class='ocrx_word' id='word_1_144' title='bbox 280 2717 484 2798; x_wconf 82' lang='lat' dir='ltr'>expeditione</span> <span class='ocrx_word' id='word_1_145' title='bbox 517 2718 603 2781; x_wconf 87' lang='lat' dir='ltr'>lecit.</span> <span class='ocrx_word' id='word_1_146' title='bbox 653 2720 758 2799; x_wconf 83' lang='lat' dir='ltr'>Quare</span> <span class='ocrx_word' id='word_1_147' title='bbox 794 2714 863 2801; x_wconf 81' lang='lat' dir='ltr'>ejus</span> <span class='ocrx_word' id='word_1_148' title='bbox 894 2716 1055 2783; x_wconf 86' lang='lat' dir='ltr'>interitum</span> <span class='ocrx_word' id='word_1_149' title='bbox 1084 2740 1152 2783; x_wconf 91' lang='lat' dir='ltr'>non</span> 
     </span>
     <span class='ocr_line' id='line_1_21' title="bbox 145 2816 1151 2901; baseline 0 -20"><span class='ocrx_word' id='word_1_150' title='bbox 145 2818 242 2881; x_wconf 74' lang='lat' dir='ltr'>deber</span> <span class='ocrx_word' id='word_1_151' title='bbox 274 2818 360 2881; x_wconf 84' lang='lat' dir='ltr'>aliter</span> <span class='ocrx_word' id='word_1_152' title='bbox 389 2816 495 2894; x_wconf 87' lang='lat' dir='ltr'>ferre,</span> <span class='ocrx_word' id='word_1_153' title='bbox 539 2838 631 2901; x_wconf 80' lang='lat' dir='ltr'>quana</span> <span class='ocrx_word' id='word_1_154' title='bbox 660 2841 726 2883; x_wconf 90' lang='lat' dir='ltr'>non</span> <span class='ocrx_word' id='word_1_155' title='bbox 758 2820 1017 2883; x_wconf 82' lang='lat' dir='ltr'>contemnendam</span> <span class='ocrx_word' id='word_1_156' title='bbox 1046 2821 1151 2901; x_wconf 77' lang='lat' dir='ltr'>patrie</span> 
     </span>
     <span class='ocr_line' id='line_1_22' title="bbox 140 2916 1151 3003; baseline 0 -22"><span class='ocrx_word' id='word_1_157' title='bbox 140 2917 303 2999; x_wconf 87' lang='lat' dir='ltr'>jacturam.</span> <span class='ocrx_word' id='word_1_158' title='bbox 342 2919 411 2993; x_wconf 88' lang='lat' dir='ltr'>Te,</span> <span class='ocrx_word' id='word_1_159' title='bbox 444 2916 470 2979; x_wconf 80' lang='lat' dir='ltr'>si</span> <span class='ocrx_word' id='word_1_160' title='bbox 500 2938 559 2979; x_wconf 82' lang='lat' dir='ltr'>nos</span> <span class='ocrx_word' id='word_1_161' title='bbox 584 2929 753 2991; x_wconf 86' lang='lat' dir='ltr'>taceamus,</span> <span class='ocrx_word' id='word_1_162' title='bbox 786 2920 885 3003; x_wconf 83' lang='lat' dir='ltr'>‹pralis</span> <span class='ocrx_word' id='word_1_163' title='bbox 910 2931 1019 2985; x_wconf 85' lang='lat' dir='ltr'>noster</span> <span class='ocrx_word' id='word_1_164' title='bbox 1043 2920 1151 2997; x_wconf 84' lang='lat' dir='ltr'>luerit,</span> 
     </span>
     <span class='ocr_line' id='line_1_23' title="bbox 141 3015 1152 3105; baseline 0 -24"><span class='ocrx_word' id='word_1_165' title='bbox 141 3040 206 3082; x_wconf 84' lang='lat' dir='ltr'>nna</span> <span class='ocrx_word' id='word_1_166' title='bbox 225 3018 327 3081; x_wconf 89' lang='lat' dir='ltr'>omnis</span> <span class='ocrx_word' id='word_1_167' title='bbox 346 3016 498 3091; x_wconf 82' lang='lat' dir='ltr'>Francia,</span> <span class='ocrx_word' id='word_1_168' title='bbox 519 3015 618 3079; x_wconf 85' lang='lat' dir='ltr'>omnis</span> <span class='ocrx_word' id='word_1_169' title='bbox 636 3018 751 3081; x_wconf 79' lang='lat' dir='ltr'>Sneria</span> <span class='ocrx_word' id='word_1_170' title='bbox 768 3041 849 3082; x_wconf 80' lang='lat' dir='ltr'>voce</span> <span class='ocrx_word' id='word_1_171' title='bbox 870 3020 1006 3083; x_wconf 89' lang='lat' dir='ltr'>docebit.</span> <span class='ocrx_word' id='word_1_172' title='bbox 1043 3021 1152 3105; x_wconf 81' lang='lat' dir='ltr'>Atque</span> 
     </span>
     <span class='ocr_line' id='line_1_24' title="bbox 142 3116 1152 3203; baseline 0.004 -24"><span class='ocrx_word' id='word_1_173' title='bbox 142 3118 260 3180; x_wconf 90' lang='lat' dir='ltr'>utinam</span> <span class='ocrx_word' id='word_1_174' title='bbox 270 3130 332 3179; x_wconf 90' lang='lat' dir='ltr'>tam</span> <span class='ocrx_word' id='word_1_175' title='bbox 345 3118 525 3180; x_wconf 73' lang='lat' dir='ltr'>consideres</span> <span class='ocrx_word' id='word_1_176' title='bbox 543 3116 704 3181; x_wconf 88' lang='lat' dir='ltr'>immanem</span> <span class='ocrx_word' id='word_1_177' title='bbox 721 3116 815 3199; x_wconf 79' lang='lat' dir='ltr'>liujus</span> <span class='ocrx_word' id='word_1_178' title='bbox 828 3118 1040 3195; x_wconf 79' lang='lat' dir='ltr'>ferocitatem,</span> <span class='ocrx_word' id='word_1_179' title='bbox 1058 3142 1152 3203; x_wconf 88' lang='lat' dir='ltr'>quam</span> 
     </span>
     <span class='ocr_line' id='line_1_25' title="bbox 144 3216 1153 3297; baseline 0.002 -18"><span class='ocrx_word' id='word_1_180' title='bbox 144 3216 226 3279; x_wconf 76' lang='lat' dir='ltr'>itlius</span> <span class='ocrx_word' id='word_1_181' title='bbox 250 3218 458 3297; x_wconf 87' lang='lat' dir='ltr'>probitatem,</span> <span class='ocrx_word' id='word_1_182' title='bbox 488 3238 523 3278; x_wconf 90' lang='lat' dir='ltr'>ae</span> <span class='ocrx_word' id='word_1_183' title='bbox 546 3216 756 3279; x_wconf 89' lang='lat' dir='ltr'>innocentiam</span> <span class='ocrx_word' id='word_1_184' title='bbox 777 3216 883 3280; x_wconf 82' lang='lat' dir='ltr'>nosti!</span> <span class='ocrx_word' id='word_1_185' title='bbox 927 3218 1067 3280; x_wconf 85' lang='lat' dir='ltr'>Dederat</span> <span class='ocrx_word' id='word_1_186' title='bbox 1090 3218 1153 3297; x_wconf 85' lang='lat' dir='ltr'>jam</span> 
     </span>
     <span class='ocr_line' id='line_1_26' title="bbox 142 3316 1151 3401; baseline -0.003 -20"><span class='ocrx_word' id='word_1_187' title='bbox 142 3338 212 3381; x_wconf 86' lang='lat' dir='ltr'>non</span> <span class='ocrx_word' id='word_1_188' title='bbox 228 3318 360 3381; x_wconf 84' lang='lat' dir='ltr'>obseura</span> <span class='ocrx_word' id='word_1_189' title='bbox 377 3316 425 3380; x_wconf 80' lang='lat' dir='ltr'>sui</span> <span class='ocrx_word' id='word_1_190' title='bbox 441 3317 539 3397; x_wconf 76' lang='lat' dir='ltr'>signa.</span> <span class='ocrx_word' id='word_1_191' title='bbox 570 3318 774 3399; x_wconf 73' lang='lat' dir='ltr'>Perspectum</span> <span class='ocrx_word' id='word_1_192' title='bbox 785 3328 867 3394; x_wconf 87' lang='lat' dir='ltr'>erat,</span> <span class='ocrx_word' id='word_1_193' title='bbox 888 3329 1037 3401; x_wconf 83' lang='lat' dir='ltr'>quantum</span> <span class='ocrx_word' id='word_1_194' title='bbox 1047 3317 1151 3393; x_wconf 84' lang='lat' dir='ltr'>studii,</span> 
     </span>
     <span class='ocr_line' id='line_1_27' title="bbox 143 3417 1153 3503; baseline 0 -22"><span class='ocrx_word' id='word_1_195' title='bbox 143 3440 267 3500; x_wconf 76' lang='lat' dir='ltr'>operae,</span> <span class='ocrx_word' id='word_1_196' title='bbox 279 3440 315 3481; x_wconf 87' lang='lat' dir='ltr'>ac</span> <span class='ocrx_word' id='word_1_197' title='bbox 325 3420 503 3481; x_wconf 85' lang='lat' dir='ltr'>laerdtatnm</span> <span class='ocrx_word' id='word_1_198' title='bbox 515 3417 546 3479; x_wconf 95' lang='lat' dir='ltr'>in</span> <span class='ocrx_word' id='word_1_199' title='bbox 560 3418 705 3497; x_wconf 86' lang='lat' dir='ltr'>patriam,</span> <span class='ocrx_word' id='word_1_200' title='bbox 716 3440 751 3481; x_wconf 90' lang='lat' dir='ltr'>ac</span> <span class='ocrx_word' id='word_1_201' title='bbox 766 3429 795 3480; x_wconf 90' lang='lat' dir='ltr'>te</span> <span class='ocrx_word' id='word_1_202' title='bbox 807 3418 912 3500; x_wconf 82' lang='lat' dir='ltr'>patrie</span> <span class='ocrx_word' id='word_1_203' title='bbox 924 3431 1064 3503; x_wconf 87' lang='lat' dir='ltr'>patrem,</span> <span class='ocrx_word' id='word_1_204' title='bbox 1078 3440 1153 3482; x_wconf 89' lang='lat' dir='ltr'>con-</span> 
     </span>
     <span class='ocr_line' id='line_1_28' title="bbox 143 3518 1155 3601; baseline 0 -18"><span class='ocrx_word' id='word_1_205' title='bbox 143 3521 361 3601; x_wconf 83' lang='lat' dir='ltr'>lerreposset,</span> <span class='ocrx_word' id='word_1_206' title='bbox 374 3532 406 3582; x_wconf 87' lang='lat' dir='ltr'>et</span> <span class='ocrx_word' id='word_1_207' title='bbox 416 3522 520 3581; x_wconf 84' lang='lat' dir='ltr'>vellet.</span> <span class='ocrx_word' id='word_1_208' title='bbox 539 3518 702 3583; x_wconf 78' lang='lat' dir='ltr'>Ratiraima</span> <span class='ocrx_word' id='word_1_209' title='bbox 710 3518 810 3580; x_wconf 80' lang='lat' dir='ltr'>omnis</span> <span class='ocrx_word' id='word_1_210' title='bbox 820 3518 945 3583; x_wconf 88' lang='lat' dir='ltr'>virtutis</span> <span class='ocrx_word' id='word_1_211' title='bbox 953 3520 1155 3584; x_wconf 79' lang='lat' dir='ltr'>fundamenta</span> 
     </span>
     <span class='ocr_line' id='line_1_29' title="bbox 144 3618 1154 3701; baseline 0.006 -22"><span class='ocrx_word' id='word_1_212' title='bbox 144 3618 272 3700; x_wconf 78' lang='lat' dir='ltr'>jecerat.</span> <span class='ocrx_word' id='word_1_213' title='bbox 291 3622 423 3683; x_wconf 89' lang='lat' dir='ltr'>Planum</span> <span class='ocrx_word' id='word_1_214' title='bbox 433 3618 493 3682; x_wconf 84' lang='lat' dir='ltr'>sibi</span> <span class='ocrx_word' id='word_1_215' title='bbox 507 3620 546 3682; x_wconf 84' lang='lat' dir='ltr'>ml</span> <span class='ocrx_word' id='word_1_216' title='bbox 557 3640 664 3683; x_wconf 81' lang='lat' dir='ltr'>veram</span> <span class='ocrx_word' id='word_1_217' title='bbox 674 3618 805 3701; x_wconf 81' lang='lat' dir='ltr'>gloriam</span> <span class='ocrx_word' id='word_1_218' title='bbox 814 3619 874 3681; x_wconf 90' lang='lat' dir='ltr'>iter</span> <span class='ocrx_word' id='word_1_219' title='bbox 886 3632 1061 3701; x_wconf 86' lang='lat' dir='ltr'>aperuerat.</span> <span class='ocrx_word' id='word_1_220' title='bbox 1088 3622 1154 3685; x_wconf 83' lang='lat' dir='ltr'>Ad·</span> 
     </span>
     <span class='ocr_line' id='line_1_30' title="bbox 146 3718 1155 3805; baseline 0.005 -27"><span class='ocrx_word' id='word_1_221' title='bbox 146 3740 259 3804; x_wconf 72' lang='lat' dir='ltr'>vemur</span> <span class='ocrx_word' id='word_1_222' title='bbox 269 3722 314 3797; x_wconf 47' lang='grc' dir='ltr'>Μ’)</span> <span class='ocrx_word' id='word_1_223' title='bbox 328 3724 420 3805; x_wconf 84' lang='lat' dir='ltr'>quale</span> <span class='ocrx_word' id='word_1_224' title='bbox 431 3720 592 3803; x_wconf 78' lang='lat' dir='ltr'>ingenium</span> <span class='ocrx_word' id='word_1_225' title='bbox 604 3718 702 3801; x_wconf 72' lang='lat' dir='ltr'>siquis</span> <span class='ocrx_word' id='word_1_226' title='bbox 710 3720 896 3801; x_wconf 87' lang='lat' dir='ltr'>loqueretur</span> <span class='ocrx_word' id='word_1_227' title='bbox 911 3720 1038 3797; x_wconf 75' lang='lat' dir='ltr'>danius,</span> <span class='ocrx_word' id='word_1_228' title='bbox 1049 3722 1155 3802; x_wconf 92' lang='lat' dir='ltr'>puniri</span> 
     </span>
     <span class='ocr_line' id='line_1_31' title="bbox 145 3817 1153 3901; baseline 0.001 -19"><span class='ocrx_word' id='word_1_229' title='bbox 145 3820 202 3883; x_wconf 82' lang='lat' dir='ltr'>abs</span> <span class='ocrx_word' id='word_1_230' title='bbox 213 3832 245 3883; x_wconf 92' lang='lat' dir='ltr'>te</span> <span class='ocrx_word' id='word_1_231' title='bbox 257 3842 389 3897; x_wconf 75' lang='lat' dir='ltr'>serere,</span> <span class='ocrx_word' id='word_1_232' title='bbox 409 3833 441 3881; x_wconf 93' lang='lat' dir='ltr'>ct</span> <span class='ocrx_word' id='word_1_233' title='bbox 453 3820 600 3882; x_wconf 86' lang='lat' dir='ltr'>atrociter</span> <span class='ocrx_word' id='word_1_234' title='bbox 609 3817 755 3891; x_wconf 90' lang='lat' dir='ltr'>deberet;</span> <span class='ocrx_word' id='word_1_235' title='bbox 768 3838 852 3879; x_wconf 89' lang='lat' dir='ltr'>nunc</span> <span class='ocrx_word' id='word_1_236' title='bbox 860 3832 906 3880; x_wconf 83' lang='lat' dir='ltr'>est</span> <span class='ocrx_word' id='word_1_237' title='bbox 917 3834 1060 3901; x_wconf 82' lang='lat' dir='ltr'>repertus</span> <span class='ocrx_word' id='word_1_238' title='bbox 1071 3822 1153 3899; x_wconf 58' lang='grc' dir='ltr'>ζπιιϋ),</span> 
     </span>
     <span class='ocr_line' id='line_1_32' title="bbox 146 3916 1154 4005; baseline 0 -22"><span class='ocrx_word' id='word_1_239' title='bbox 146 3922 202 4005; x_wconf 75' lang='lat' dir='ltr'>apri</span> <span class='ocrx_word' id='word_1_240' title='bbox 215 3922 372 4005; x_wconf 78' lang='lat' dir='ltr'>urpplicio</span> <span class='ocrx_word' id='word_1_241' title='bbox 382 3919 491 3983; x_wconf 84' lang='lat' dir='ltr'>alliciat</span> <span class='ocrx_word' id='word_1_242' title='bbox 502 3922 558 3982; x_wconf 88' lang='lat' dir='ltr'>hac</span> <span class='ocrx_word' id='word_1_243' title='bbox 569 3920 675 3982; x_wconf 89' lang='lat' dir='ltr'>indole</span> <span class='ocrx_word' id='word_1_244' title='bbox 685 3916 852 4000; x_wconf 80' lang='lat' dir='ltr'>juvenem,</span> <span class='ocrx_word' id='word_1_245' title='bbox 866 3918 1096 3997; x_wconf 86' lang='lat' dir='ltr'>indemnatum,</span> <span class='ocrx_word' id='word_1_246' title='bbox 1108 3922 1154 3983; x_wconf 91' lang='lat' dir='ltr'>in-</span> 
     </span>
     <span class='ocr_line' id='line_1_33' title="bbox 143 4020 1155 4102; baseline -0.003 -19"><span class='ocrx_word' id='word_1_247' title='bbox 143 4021 232 4083; x_wconf 70' lang='lat' dir='ltr'>dicta</span> <span class='ocrx_word' id='word_1_248' title='bbox 252 4026 366 4099; x_wconf 77' lang='lat' dir='ltr'>caurd,</span> <span class='ocrx_word' id='word_1_249' title='bbox 392 4042 428 4085; x_wconf 83' lang='lat' dir='ltr'>ac</span> <span class='ocrx_word' id='word_1_250' title='bbox 445 4021 660 4096; x_wconf 86' lang='lat' dir='ltr'>innocentem,</span> <span class='ocrx_word' id='word_1_251' title='bbox 679 4031 770 4102; x_wconf 89' lang='lat' dir='ltr'>potes</span> <span class='ocrx_word' id='word_1_252' title='bbox 791 4022 852 4082; x_wconf 82' lang='lat' dir='ltr'>ulla</span> <span class='ocrx_word' id='word_1_253' title='bbox 869 4021 1057 4083; x_wconf 86' lang='lat' dir='ltr'>exoratione</span> <span class='ocrx_word' id='word_1_254' title='bbox 1075 4020 1155 4082; x_wconf 84' lang='lat' dir='ltr'>verti</span> 
     </span>
     <span class='ocr_line' id='line_1_34' title="bbox 143 4120 1156 4205; baseline 0.002 -25"><span class='ocrx_word' id='word_1_255' title='bbox 143 4142 163 4181; x_wconf 86' lang='lat' dir='ltr'>a</span> <span class='ocrx_word' id='word_1_256' title='bbox 182 4132 215 4181; x_wconf 88' lang='lat' dir='ltr'>te</span> <span class='ocrx_word' id='word_1_257' title='bbox 234 4120 328 4202; x_wconf 75' lang='lat' dir='ltr'>ipro?</span> <span class='ocrx_word' id='word_1_258' title='bbox 342 4124 428 4200; x_wconf 47' lang='lat' dir='ltr'>m³⁴³²)</span> <span class='ocrx_word' id='word_1_259' title='bbox 474 4122 548 4185; x_wconf 86' lang='lat' dir='ltr'>Noli</span> <span class='ocrx_word' id='word_1_260' title='bbox 572 4122 655 4185; x_wconf 90' lang='lat' dir='ltr'>enim</span> <span class='ocrx_word' id='word_1_261' title='bbox 682 4140 808 4203; x_wconf 89' lang='lat' dir='ltr'>sperare</span> <span class='ocrx_word' id='word_1_262' title='bbox 828 4120 995 4205; x_wconf 85' lang='lat' dir='ltr'>aliqnando</span> <span class='ocrx_word' id='word_1_263' title='bbox 1010 4120 1156 4183; x_wconf 88' lang='lat' dir='ltr'>emcnda-</span> 
     </span>
    </p>
   </div>
   <div class='ocr_carea' id='block_1_4' title="bbox 146 4242 343 4261">
    <p class='ocr_par' dir='ltr' id='par_1_4' title="bbox 146 4242 343 4261">
     <span class='ocr_line' id='line_1_35' title="bbox 146 4242 343 4261; baseline -0.01 -2"><span class='ocrx_word' id='word_1_264' title='bbox 146 4242 343 4261; x_wconf 48' lang='grc' dir='ltr'>,ιι-</span> 
     </span>
    </p>
   </div>
   <div class='ocr_carea' id='block_1_5' title="bbox 181 4304 1156 4505">
    <p class='ocr_par' dir='ltr' id='par_1_5' title="bbox 181 4304 1156 4505">
     <span class='ocr_line' id='line_1_36' title="bbox 181 4304 1156 4373; baseline 0.002 -16"><span class='ocrx_word' id='word_1_265' title='bbox 181 4304 215 4371; x_wconf 73' lang='lat'>*)</span> <span class='ocrx_word' id='word_1_266' title='bbox 235 4320 276 4367; x_wconf 81' lang='lat' dir='ltr'>er,</span> <span class='ocrx_word' id='word_1_267' title='bbox 306 4324 339 4360; x_wconf 81' lang='lat' dir='ltr'>ar.</span> <span class='ocrx_word' id='word_1_268' title='bbox 381 4306 425 4365; x_wconf 69' lang='lat'>⁸³)</span> <span class='ocrx_word' id='word_1_269' title='bbox 451 4314 591 4373; x_wconf 77' lang='lat' dir='ltr'>Arta-ersus,</span> <span class='ocrx_word' id='word_1_270' title='bbox 622 4314 753 4363; x_wconf 77' lang='lat' dir='ltr'>ndrernnn.</span> <span class='ocrx_word' id='word_1_271' title='bbox 804 4318 861 4369; x_wconf 64' lang='lat' dir='ltr'>m)</span> <span class='ocrx_word' id='word_1_272' title='bbox 882 4322 992 4365; x_wconf 77' lang='lat' dir='ltr'>rer-erras</span> <span class='ocrx_word' id='word_1_273' title='bbox 1020 4321 1076 4372; x_wconf 81' lang='lat' dir='ltr'>err,</span> <span class='ocrx_word' id='word_1_274' title='bbox 1105 4326 1156 4360; x_wconf 87' lang='lat' dir='ltr'>curn</span> 
     </span>
     <span class='ocr_line' id='line_1_37' title="bbox 181 4374 1156 4443; baseline 0.005 -17"><span class='ocrx_word' id='word_1_275' title='bbox 181 4386 292 4437; x_wconf 77' lang='lat' dir='ltr'>repertur</span> <span class='ocrx_word' id='word_1_276' title='bbox 321 4384 358 4429; x_wconf 77' lang='lat' dir='ltr'>sit.</span> <span class='ocrx_word' id='word_1_277' title='bbox 403 4374 480 4443; x_wconf 75' lang='lat'>&#39;*&#39;&#39;)</span> <span class='ocrx_word' id='word_1_278' title='bbox 500 4392 571 4437; x_wconf 72' lang='lat' dir='ltr'>porea</span> <span class='ocrx_word' id='word_1_279' title='bbox 596 4393 642 4431; x_wconf 78' lang='lat' dir='ltr'>eor</span> <span class='ocrx_word' id='word_1_280' title='bbox 660 4384 706 4431; x_wconf 84' lang='lat' dir='ltr'>ulla</span> <span class='ocrx_word' id='word_1_281' title='bbox 729 4386 879 4439; x_wconf 67' lang='lat' dir='ltr'>belae-etat,</span> <span class='ocrx_word' id='word_1_282' title='bbox 903 4392 965 4441; x_wconf 76' lang='lat' dir='ltr'>paea</span> <span class='ocrx_word' id='word_1_283' title='bbox 986 4383 1047 4430; x_wconf 81' lang='lat' dir='ltr'>uaclr</span> <span class='ocrx_word' id='word_1_284' title='bbox 1063 4386 1087 4427; x_wconf 87' lang='lat' dir='ltr'>te</span> <span class='ocrx_word' id='word_1_285' title='bbox 1105 4382 1156 4441; x_wconf 77' lang='lat' dir='ltr'>ipro</span> 
     </span>
     <span class='ocr_line' id='line_1_38' title="bbox 182 4450 401 4505; baseline 0.014 -10"><span class='ocrx_word' id='word_1_286' title='bbox 182 4450 401 4505; x_wconf 68' lang='lat' dir='ltr'>durelrgertriclren.</span> 
     </span>
    </p>
   </div>
   <div class='ocr_carea' id='block_1_6' title="bbox 0 0 1322 5108">
    <p class='ocr_par' dir='ltr' id='par_1_6' title="bbox 0 0 1322 5108">
     <span class='ocr_line' id='line_1_39' title="bbox 0 0 1322 5108; baseline 0 0"><span class='ocrx_word' id='word_1_287' title='bbox 0 0 1322 5108; x_wconf 95' lang='lat' dir='ltr'> </span> 
     </span>
    </p>
   </div>
  </div>
 </body>
</html>
