2624 5108
204 895 275 968 aaa
616 888 813 985 Parquillus

646 1084 787 1153 Cyrus

285 1188 369 1274 Quid
396 1202 457 1254 tam
476 1190 620 1252 curiosus
646 1201 698 1266 tu,
726 1211 746 1251 ο
766 1189 885 1264 amice,
912 1196 951 1250 ut
972 1206 1084 1250 eorum
1100 1196 1161 1248 tam
1182 1184 1231 1246 in·

207 1293 336 1356 secteris
358 1291 519 1371 inopiam?

588 1394 846 1469 Pasqufllua

282 1494 336 1552 lix
360 1510 401 1548 eo
430 1488 530 1550 amaris
556 1507 627 1567 spes
648 1486 723 1550 mihi
748 1485 881 1566 deperit.
920 1487 999 1547 Nam
1022 1506 1088 1568 quo
1113 1484 1232 1564 inopias

209 1592 391 1664 consulant,
424 1587 577 1648 beneficia
604 1606 756 1670 mamque,
793 1586 886 1649 etiam
913 1586 1031 1647 minimi
1062 1583 1233 1659 momenti,

209 1693 351 1772 rapiunt,
382 1689 550 1760 (levarant,
579 1686 792 1769 parvensium.
833 1684 919 1768 Quid
945 1684 1019 1748 mihi
1048 1685 1145 1767 igitur
1178 1707 1234 1747 su*

93 1822 127 1879 ff
210 1802 316 1877 peresi
334 1784 426 1871 spel?
629 1840 657 1885 Ἡ

79 1880 128 1935 *s
650 1892 795 1968 cyrne

287 1986 475 2050 Providebit
498 1982 650 2048 Pontifex
668 1986 821 2049 maximus
845 1995 877 2047 et
899 1982 973 2060 tibi,
1000 1982 1083 2048 inter
1101 1993 1236 2048 caeteros
1287 2038 1302 2053 „

212 2087 378 2154 familiares
400 2106 485 2149 suos.

590 2190 751 2268 Fasqut
758 2192 772 2251 l
779 2193 850 2250 lus.

290 2286 357 2348 Tot
386 2296 458 2346 sunt
491 2294 639 2364 nepotes,
671 2292 823 2364 nepotum
855 2296 937 2348 tanta
968 2287 1100 2359 cohors,
1137 2293 1237 2346 utet

214 2386 397 2453 cardinales
419 2382 497 2462 ipsi,
525 2383 581 2466 qni
600 2392 703 2445 ex’eo
723 2394 855 2446 numero
878 2405 945 2446 non
963 2397 1051 2459 sunt,
1075 2383 1238 2463 patiantur

213 2487 257 2547 ob
283 2485 315 2546 id
341 2483 551 2546 incommoda.
604 2482 728 2545 Volunt
752 2483 837 2546 enim
863 2495 995 2563 nepotes
1023 2482 1163 2556 divitias,
1204 2495 1240 2546 et

215 2586 344 2670 quidam
370 2585 532 2667 ingentes,
568 2585 607 2647 ad
635 2584 696 2645 hoc
723 2594 826 2646 autem
849 2605 980 2648 acervus
1003 2581 1238 2655 beneficiorum

214 2683 423 2749 necessarius.
460 2683 547 2764 Quid
563 2683 631 2765 spei
651 2682 747 2766 igitur
764 2683 906 2767 reliqui?
1144 2670 1147 2675 ¹

656 2788 793 2864 Cyrun

291 2881 406 2946 Gratias
438 2881 657 2962 exspectativae
686 2884 748 2943 lroc
773 2895 914 2964 tempore
946 2885 1113 2947 dabuntur.
1153 2883 1236 2946 Siste

213 2985 265 3050 hic
282 2984 433 3066 gradum,
460 2993 613 3062 exspecta
632 2982 806 3064 paulisper,
833 2984 960 3046 habebis
977 2985 1103 3047 tandem
1118 2995 1236 3067 optata.

599 3091 853 3165 Parquillus.

290 3181 400 3244 Multis
440 3178 503 3262 jam
540 3181 628 3243 annis
663 3183 889 3262 exspectativas
919 3181 1117 3264 exspectavi,
1158 3184 1237 3248 nihil

214 3285 329 3346 horum
346 3283 452 3353 datram
468 3291 526 3343 est.
564 3280 838 3359 Arsacidarum,
868 3282 971 3367 quid?
1001 3277 1097 3346 Putas
1116 3284 1236 3346 floren·

213 3383 298 3443 tinos
318 3379 368 3442 sui
384 3378 605 3442 immemores?
628 3380 736 3443 forsan
754 3383 888 3453 deerunt
907 3383 983 3447 viris
1004 3381 1063 3445 illis
1082 3384 1234 3459 remedia,

213 3500 279 3561 quo
312 3477 415 3539 minus
449 3477 602 3540 benellcia
629 3501 687 3560 pro
716 3501 752 3542 se
786 3493 840 3545 aut
868 3503 928 3562 pro
962 3481 1027 3544 suis
1061 3483 1236 3562 piscentur.

212 3577 400 3650 Discedam,
424 3597 484 3636 nec
502 3579 707 3654 reversurus,
733 3581 836 3642 donec
857 3584 907 3643 vel
925 3580 1084 3645 florentini
1105 3582 1235 3665 abigau-

209 3688 262 3739 tur
282 3678 404 3752 Roma,
424 3678 475 3739 vel
497 3674 717 3744 cardinalibus
735 3680 831 3743 luerit
848 3682 973 3744 abunde
992 3682 1166 3763 provisum.

649 3791 791 3861 Cyrus

288 3876 337 3938 Ne
359 3877 450 3939 nimis
474 3879 515 3941 sis
542 3877 574 3941 in
595 3879 735 3943 discessu
765 3900 920 3961 praeccps3
954 3882 1135 3958 ostendam,
1169 3906 1237 3967 quo

210 3988 304 4062 pacto
323 3977 380 4042 tibi
399 3979 515 4061 optime
538 3981 648 4043 Roma
669 3979 880 4061 sperandum?

586 4087 853 4163 Parquinun

288 4177 470 4259 Quonam?v

548 4269 556 4277 ⁸
650 4288 796 4360 Cyrae

290 4375 324 4440 si
342 4396 455 4459 magna
474 4364 530 4439 tihi
549 4391 752 4442 nummorum*
768 4379 879 4460 copia,
904 4378 931 4443 si
947 4379 1103 4461 marsupia
1125 4384 1239 4463 plena,

212 4473 306 4537 brari
331 4488 475 4557 tempore
495 4474 627 4558 potieris
647 4501 713 4541 non
734 4480 830 4543 motio
851 4500 936 4555 uno,
963 4481 1070 4545 sedat
1091 4482 1239 4563 pluribus
