2624 5108
325 33 1224 417 1:-

163 854 234 929 2⁷⁶
520 854 686 954 Epistola
706 854 823 935 lusa

165 1044 212 1099 Ah
232 1047 349 1116 quoties
366 1048 469 1117 timui,
492 1064 563 1104 oum
579 1066 630 1107 ses
645 1050 799 1108 Germana
816 1053 965 1125 placeret,

231 1137 358 1195 Errares
376 1142 475 1212 patrie
492 1158 530 1197 ne
550 1144 620 1215 quid
640 1158 744 1199 amore
761 1152 829 1200 tua.

163 1228 244 1285 Illius
261 1249 415 1287 armorum
431 1235 544 1303 virtus,
562 1236 743 1307 locupletior
759 1236 825 1292 boc
842 1246 904 1306 est,
981 1256 985 1261 ·

229 1325 347 1380 Divitias
366 1327 461 1382 fortes
479 1327 525 1381 ha
543 1328 673 1384 decuere
692 1329 787 1383 viros.

162 1415 191 1471 Si
209 1418 280 1488 quid
300 1418 336 1472 ab
355 1418 476 1489 antiquo
495 1421 606 1491 repetis
623 1428 740 1488 umen,
757 1421 858 1477 omnia
875 1424 1026 1493 quondam

225 1511 353 1577 Devici,
372 1510 534 1566 indomitos
553 1513 756 1585 supposuique
768 1512 855 1584 jugo.

158 1601 223 1657 Ulla
240 1619 298 1656 nec
315 1603 416 1658 Italica
431 1604 559 1659 victoria
574 1605 692 1675 longius
710 1605 779 1673 ivit,

224 1693 310 1751 Gens
328 1706 377 1751 tua
393 1712 491 1765 nunc,
510 1696 584 1753 olim
599 1699 730 1753 maxim
747 1698 846 1754 Roma
864 1701 929 1756 fuit.

156 1785 212 1842 Me
229 1787 337 1856 Lybici
356 1802 481 1848 sensere
500 1788 611 1857 duces,
631 1804 687 1858 ego
705 1789 818 1845 Punica
835 1790 894 1844 vici

222 1880 344 1949 Regna,
365 1897 421 1951 per
439 1880 604 1953 Aethiopas
622 1896 705 1936 arma
720 1882 833 1952 tulique
852 1895 964 1938 truces.

155 1968 308 2051 Quantum
326 1973 481 2050 Arabum,
499 1982 642 2045 quantum
660 1984 705 2029 est
722 1975 866 2045 Aegypti,
886 1975 986 2031 Marte
1003 1977 1128 2048 subegi,

220 2061 323 2118 Effera
339 2063 524 2121 Parthorum
543 2082 594 2120 sue
610 2066 766 2136 timuitque
783 2067 903 2122 domus.

152 2152 309 2224 Pugnaces
327 2157 430 2212 domui
448 2157 606 2225 Thracas,
624 2158 746 2228 ludique
764 2158 886 2215 feroces

219 2246 381 2303 Pannonia
401 2248 555 2321 populos,
572 2248 797 2322 horribilesque
815 2251 942 2310 Gethss.

150 2339 297 2409 Pugnavit
315 2341 456 2413 quoties,
476 2341 566 2395 toties
581 2340 655 2395 mihi
673 2341 771 2398 Gallia
787 2343 865 2398 victa
882 2357 946 2415 eat,

218 2434 304 2504 Signa
321 2451 377 2505 per
394 2434 565 2505 Hispanos,
583 2450 637 2504 per
655 2433 830 2505 Siculosque
847 2437 911 2492 tuli.

150 2525 229 2581 Ausa
246 2528 430 2599 Calydonius
450 2529 537 2583 etiam
555 2543 697 2598 superare
715 2527 890 2596 Britannos,

217 2619 310 2690 injeci
331 2622 460 2676 occiduo
480 2622 609 2675 claustra
632 2632 803 2690 metumque
820 2620 904 2677 mari.

147 2710 285 2767 Dalmata
304 2712 463 2768 succubuit
484 2713 576 2780 mihi,
596 2711 785 2767 succubuere
803 2711 931 2765 rebelles
957 2742 962 2751 ·

214 2805 326 2874 Illyrii,
348 2805 470 2860 Moesos
491 2804 670 2874 edomuique
689 2805 782 2857 leros.

146 2896 283 2952 Audaces
303 2912 423 2950 cessere
443 2895 526 2964 Syri,
546 2895 656 2965 quique
674 2895 790 2948 eminus
811 2910 884 2949 arcu

212 2987 285 3042 Non
303 2987 443 3040 modicos
454 2984 564 3040 'Persas
582 2984 757 3040 distribuere
776 2997 886 3043 metus.

144 3078 210 3133 Vici
229 3093 315 3132 acres
332 3077 499 3133 Macedum
520 3088 648 3143 turmas,
665 3077 723 3130 vici
740 3078 846 3133 Actica
865 3096 972 3149 regns,

213 3171 341 3227 Servivit
359 3171 467 3228 Romae
486 3170 606 3226 Gracia
624 3170 701 3225 victa
718 3186 806 3225 mesa.

143 3264 200 3324 Me
218 3265 337 3321 domitas
354 3280 470 3320 novere
489 3262 568 3317 Asiae
582 3301 591 3328 ,
608 3270 653 3317 tot
664 3274 778 3333 regna,
795 3272 840 3319 tot
858 3265 951 3321 urbes

212 3359 358 3422 Sensere,
378 3365 408 3409 et
425 3369 516 3424 quem
534 3369 614 3407 nunc
633 3355 750 3423 omnia,
770 3354 890 3423 Tusca,
907 3357 1022 3417 timent.

144 3448 286 3519 Impreaei
304 3447 358 3500 tibi
376 3445 474 3500 Ponte
487 3446 613 3515 jugum,
632 3447 826 3521 Colchosque
843 3448 967 3518 caecidi,

210 3537 337 3593 Pertulit
355 3537 499 3608 impulsus
517 3539 622 3611 Caspia
642 3550 729 3611 porta
750 3558 848 3598 meos.
869 3614 873 3621 ,

143 3629 204 3689 Per
222 3630 349 3701 Solyma
368 3642 497 3700 grassata
516 3631 625 3686 urbem
642 3648 709 3686 mea
726 3633 951 3704 glorie-gentis,

210 3723 279 3779 Nec
297 3723 370 3778 mibi
388 3740 420 3778 se
439 3725 523 3794 rigidi
541 3742 604 3780 uon
625 3723 758 3779 tribuere
776 3725 904 3796 Scytha.

142 3816 229 3886 Fregi
247 3833 332 3872 acres
355 3816 551 3872 Cimbrorum
568 3818 665 3885 acies,
691 3825 722 3871 et
738 3816 895 3876 Teutonas
912 3821 1020 3889 armis,

210 3911 262 3967 Vis
281 3928 348 3965 mea
364 3909 498 3966 bellaces
516 3910 652 3966 contudit
666 3910 829 3967 Helvetios.

141 4005 251 4063 Nullus
269 4004 298 4058 in
317 4004 392 4059 orbe
409 4005 519 4070 locus,
537 4002 587 4072 qui
604 4016 735 4057 menon
751 4004 888 4074 noverit,
906 4005 1008 4074 omui,

210 4092 304 4154 Novit
321 4095 464 4150 inaccessi
482 4103 526 4149 est
545 4094 639 4149 insula
657 4095 682 4149 si
700 4111 758 4166 qua
775 4097 877 4153 maris.

141 4191 206 4248 Una
223 4198 311 4261 caput
328 4187 430 4242 mundi
446 4187 559 4242 meruit
575 4202 644 4243 mea
660 4188 760 4243 Roma
778 4189 881 4246 vocsri
890 4228 901 4257 ‚

208 4284 281 4338 Non
301 4292 369 4335 tuus
385 4279 449 4334 hoc
466 4278 592 4334 Rhenm
612 4280 674 4352 ips‘e
690 4296 800 4350 negare
817 4290 927 4353 potest.

140 4377 180 4435 Et
196 4377 267 4432 sinis
284 4376 368 4442 hac,
387 4371 466 4427 unde
485 4372 600 4429 esttibi
620 4373 714 4443 gloria
730 4382 833 4443 tantu‚¹
845 4375 968 4446 perire?

209 4472 290 4545 Quin
308 4465 368 4537 agia
378 4503 388 4535 ,
407 4472 437 4521 et
453 4472 503 4522 tua
520 4475 589 4523 sunt
606 4467 709 4540 siqua,
725 4467 852 4523 tenenda
869 4475 977 4538 putas,
