2624 5108
294 436 317 467 cl·

636 526 673 581 tt:

507 899 635 980 Oratio
662 900 813 994 Quarta.
1100 910 1167 988 109

153 1094 219 1173 tais
230 1095 417 1161 fenestram.
455 1096 524 1157 Hac
544 1094 596 1157 via
614 1097 648 1158 in
667 1095 839 1178 perniciem
859 1099 957 1161 totius
976 1099 1169 1163 mortalitatis

151 1194 280 1261 eurisisti
300 1208 391 1263 tuum
404 1197 491 1265 illum
508 1195 653 1263 cunibus
666 1197 828 1267 tormentis
842 1199 997 1265 acriorem
1014 1201 1170 1278 imorem,

149 1297 484 1379 etegressusesipsc,
508 1297 756 1361 utinGermanae
767 1299 959 1380 Reipublicae
978 1303 1170 1364 laceratione
1214 1338 1220 1349 .

152 1417 281 1459 omnem
293 1398 423 1461 modum
442 1399 632 1472 excederes,
652 1401 736 1461 nulla
749 1398 873 1463 feritate
889 1412 1055 1465 contentus
1071 1402 1168 1476 esics,

150 1501 234 1562 intra
264 1500 368 1561 atilios
398 1511 430 1561 te
459 1499 662 1581 turpitudinis
690 1500 803 1563 limites
837 1501 1027 1568 contineres.
1083 1503 1168 1569 ane

147 1599 251 1684 igitur
262 1599 426 1683 quiescere
437 1600 635 1668 Germaniam
648 1600 681 1663 in
692 1611 748 1664 tuo
760 1602 916 1684 supplicio
928 1606 1169 1687 prosequendo,

147 1712 185 1765 ut
201 1721 263 1780 per
275 1711 309 1765 te
326 1711 437 1781 postea
454 1703 626 1764 consistere
643 1700 676 1776 ἢ)
696 1724 762 1765 non
778 1715 873 1786 queat
890 1704 1169 1769 turbiden'tissime.

146 1803 272 1878 Suade,
305 1811 342 1867 ut
357 1821 401 1863 ne
425 1799 627 1882 interponant
646 1802 748 1867 scisti
764 1804 943 1885 principes,
970 1827 1037 1888 qno
1056 1826 1169 1873 eorum

147 1900 338 1967 existimatio
356 1913 413 1964 tuo
431 1904 633 1983 procutcetur
649 1905 768 1987 flagitio
788 1906 1089 1988 inopportunissime
1108 1910 1169 1985 ii).

148 2005 215 2070 Ora
239 2005 299 2066 hos
322 2003 464 2086 equites,
496 2026 562 2088 quo
588 2025 629 2067 ne
658 2005 701 2066 oh
728 2005 821 2068 unius
846 2028 955 2069 nocem
983 2026 1091 2072 omncs
1111 2009 1169 2071 tibi

145 2106 237 2170 simui
256 2124 367 2167 necem
384 2105 616 2181 machinentur,
637 2118 672 2168 ut
687 2118 723 2169 tu
741 2127 853 2170 corum
870 2109 995 2175 interim
1015 2111 1168 2190 optimum

150 2224 308 2290 quemque
325 2205 543 2270 excarnifices.
586 2208 701 2290 Neque
723 2208 808 2270 enim
826 2209 908 2272 bello
927 2211 1114 2273 metuendus
1133 2232 1168 2272 cs

147 2306 365 2390 ignavissime,
399 2308 456 2371 sed
472 2317 564 2383 tunc,
593 2329 665 2371 cum
682 2329 792 2390 pacem
809 2308 922 2383 hahes,
944 2330 1038 2390 quam
1055 2309 1168 2374 libera-

148 2419 255 2469 torum
270 2417 398 2471 tuorum
414 2406 567 2489 sanguine
586 2429 763 2475 consecres.
810 2411 887 2471 Haec
905 2421 956 2470 tna
972 2418 1084 2472 natura
1103 2418 1167 2482 est,

148 2509 211 2570 hoc
230 2506 400 2591 ingenium.
439 2507 491 2569 Sic
507 2508 538 2570 te'
561 2506 696 2573 describi
721 2509 874 2591 oportuit,
913 2510 992 2575 Nam
1015 2509 1104 2591 quod
1127 2509 1167 2571 ad

148 2628 246 2673 meam
260 2608 400 2690 pertinet
420 2608 620 2685 modestiam,
647 2620 729 2673 tanta
745 2619 818 2673 sunt
836 2620 890 2672 tua
908 2612 1043 2685 scelera,
1069 2621 1103 2672 ut
1124 2609 1166 2671 de

144 2711 209 2787 his,
240 2711 267 2777 si
293 2710 404 2786 velim,
435 2710 546 2777 leniter
572 2711 679 2774 dicere
704 2731 770 2774 non
800 2708 929 2790 possim.
984 2712 1082 2791 Quod
1104 2711 1166 2775 nisi

145 2811 293 2877 omnihus
312 2811 356 2875 ita
371 2810 518 2877 odiosum
535 2821 619 2875 esset
635 2822 724 2877 tuum
740 2810 877 2887 facinus,
897 2812 943 2874 sic
954 2811 1166 2889 manifestum,

143 2912 189 2978 sic
208 2911 406 2996 judicamm,
435 2924 468 2975 et
486 2912 554 2989 aas)
572 2913 829 2989 condemnatum,
851 2926 884 2976 et
901 2913 962 2977 nisi
978 2913 1021 2977 ita
1039 2912 1166 2977 misera-

140 3014 343 3078 bilisnostra
364 3013 539 3089 calamitas,
574 3013 617 3075 ita
643 3014 789 3082 omnihus
814 3024 907 3088 nota,
943 3034 981 3076 ac
1001 3025 1167 3095 perspecta

144 3114 346 3191 innocentia,
379 3116 444 3177 hac
465 3136 516 3179 me
541 3134 637 3194 agere
660 3135 772 3179 ausum
796 3112 896 3181 fuisse
921 3113 1048 3179 credis?
1081 3113 1167 3196 apud

142 3236 203 3279 eos
229 3214 419 3298 presertim,
457 3215 514 3296 qui
541 3213 647 3297 siquid
675 3214 751 3279 mihi
781 3214 955 3287 exciderit,
998 3226 1052 3275 aut
1077 3215 1167 3279 aliter

132 3336 243 3400 ‘quam
264 3326 300 3379 tu
324 3314 444 3391 iecisti,
474 3325 528 3377 aut
553 3336 648 3397 quam
672 3334 723 3377 me
746 3314 837 3397 loqui
863 3313 989 3389 (torcat,
1022 3313 1166 3393 punituri

142 3416 285 3493 facilius,
306 3438 401 3501 quarn
417 3414 624 3496 improbatnri
644 3414 822 3482 videantur.
860 3415 928 3478 Aut
949 3413 1010 3478 nisi
1030 3414 1072 3479 ita
1092 3414 1166 3477 hor-

141 3514 296 3594 rendum,
330 3539 467 3592 novum,
504 3537 540 3578 ac
571 3528 692 3597 praeter·
715 3526 872 3591 naturam,
920 3527 952 3579 ct
982 3515 1166 3598 opinionem

146 3619 289 3685 omnium
314 3618 354 3691 sit
383 3631 473 3682 tuum
500 3617 719 3692 homicidium,
759 3627 871 3695 putare
896 3616 1008 3698 aliquis
1040 3628 1164 3698 potest,

144 3729 334 3785 conaturum
352 3720 473 3798 fuisse,
505 3720 594 3803 quod
617 3729 690 3782 anto
715 3736 766 3778 me
789 3715 907 3777 nemo?
948 3718 1050 3796 Quam
1075 3717 1165 3780 vides

144 3819 251 3885 omnia
268 3820 345 3887 mihi
363 3820 614 3904 apertapomnia
632 3836 801 3889 concessa,
820 3814 877 3880 tibi
896 3816 1010 3880 nuliius
1029 3816 1167 3896 preasidii

142 3924 268 3999 iocum,
305 3924 422 3986 nuttam
441 3920 614 4006 effugiendi
639 3917 855 3989 occasionem,
891 3912 1034 3997 undique
1060 3918 1165 3979 omina

142 4026 250 4087 clausa
274 4023 477 4098 diverticula,
510 4042 620 4087 omnes
640 4016 843 4102 praemrmitos
861 4033 1017 4078 recessus.
1055 4018 1164 4095 Eques

144 4126 324 4190 Germanus
350 4146 392 4187 ex
421 4123 605 4205 Principum
632 4120 746 4184 ordine
778 4118 809 4181 in
839 4114 992 4198 judicium
1023 4112 1165 4194 protraxi

142 4248 245 4289 reum.
284 4227 414 4294 Novum
433 4227 495 4297 hoc
518 4223 683 4298 omnibns,
709 4219 875 4303 indignum
892 4214 1010 4284 nemini
1027 4214 1165 4282 videtur·

175 4458 200 4516 ⁸)
219 4466 282 4513 nach
307 4469 416 4524 perte:
444 4473 534 4522 postea
560 4465 698 4511 constitere
726 4460 870 4518 bstgesetzt.
912 4448 958 4518 ⁸⁴)
976 4456 1037 4503 nacti
1056 4455 1158 4512 flagitio:

176 4555 417 4605 inopportuntsstmr
436 4551 578 4601 beiresetzt.
615 4539 680 4608 w)
699 4555 740 4603 et,
761 4559 795 4593 ac.
