2624 5108
313 574 318 589 ι
381 516 436 589 Ιῗ...

140 816 212 893 bls'
447 814 577 892 Oratio
599 813 847 891 Decimamm.

139 1008 293 1089 majorem
320 1006 443 1073 Leonis
470 1007 509 1072 Ρ.
536 1008 585 1071 Μ.
608 1008 775 1089 pietatem,
810 1016 907 1090 atqoa
934 1002 1164 1082 liberalitmm

139 1132 183 1175 ea
200 1108 338 1192 propriis
356 1120 404 1173 tot
421 1129 478 1180 oer
491 1130 591 1193 regna
606 1109 715 1194 legatis
731 1118 915 1191 opportuna
931 1107 1166 1172 conferentem.

140 1212 214 1275 Ilon
235 1209 345 1294 querit
363 1209 510 1292 prolecto
529 1221 655 1286 vestra,
681 1209 738 1293 qui
761 1231 820 1273 aua
845 1229 906 1291 pro
931 1207 1026 1273 vobis
1047 1220 1168 1290 sponte

140 1311 372 1394 magnificeque
390 1308 532 1393 largitur.
581 1310 646 1373 Sed
669 1309 749 1395 quid
766 1308 928 1389 pontificii
953 1308 1046 1372 animi
1067 1330 1167 1392 argu-

142 1410 254 1475 mentis
285 1411 505 1483 immoramura
539 1430 575 1473 re
600 1409 668 1491 ipsa
693 1409 800 1491 potius
824 1408 1031 1491 comprobare
1053 1429 1166 1490 operae

144 1512 278 1593 pretium
298 1521 357 1573 cst.
393 1508 539 1573 luvenite
557 1509 713 1590 vosipsi,
733 1507 895 1573 inveniant
909 1519 1082 1573 mediantes
1099 1508 1165 1589 ipsi

144 1611 273 1677 modam
292 1608 493 1694 quempiam,
522 1630 589 1692 quo
610 1609 761 1693 quicquid
780 1609 865 1685 auri,
887 1608 1051 1692 argentive
1067 1610 1168 1672 colla·

145 1725 210 1776 tum
229 1704 347 1787 luerit,
374 1711 477 1772 tutum
497 1710 579 1773 adeo
599 1712 651 1788 llt,
679 1722 715 1773 ut
732 1730 792 1773 nee
811 1709 846 1772 in
863 1722 1066 1785 exactorum,
1092 1730 1166 1772 aas·

147 1813 299 1875 todumve
326 1809 483 1891 stipendia
508 1809 626 1894 aliquid
645 1810 756 1886 cedat,
785 1809 843 1873 sed
860 1809 985 1892 integra
1003 1812 1166 1885 mrirersa,

146 1896 254 1973 aut'ad
270 1896 482 1989 expeditionis
502 1909 596 1992 hujus
617 1933 709 1977 usum
729 1911 860 1986 cedant,
881 1921 935 1972 aut
953 1910 994 1972 ad
1012 1931 1088 1985 sos,
1108 1910 1167 1993 qui

144 2007 311 2086 dederint,
336 2011 476 2074 redeant.
522 2013 597 2074 Non
616 2010 783 2095 querimus
807 2011 1000 2073 Germanum
1023 2011 1169 2074 erarium

145 2112 178 2175 in
194 2111 313 2175 ltaliam
325 2111 513 2188 transferre,
534 2123 565 2177 st
580 2112 614 2175 in
628 2098 859 2185 omanorum
874 2110 1004 2174 militum
1010 2110 1172 2192 stipendia

147 2232 282 2293 erogare
300 2222 422 2274 cuneta.
460 2212 605 2275 Smnmus
624 2211 777 2275 Pontifex
795 2215 883 2287 vult,
910 2221 1006 2293 atque
1028 2210 1170 2293 praecipit

147 2314 269 2377 nullum
287 2311 379 2388 dolo,
397 2312 543 2375 lraudiva
561 2314 668 2376 locum
686 2312 840 2396 relinqui,
862 2313 938 2396 quia
952 2324 990 2375 ut
1008 2333 1069 2375 voa
1087 2316 1169 2377 clara

146 2414 218 2475 luce
244 2411 381 2487 videtis,
419 2413 509 2494 quod
535 2410 775 2477 Christianam
805 2413 1002 2495 respublica,
1041 2412 1169 2496 religio,

147 2535 300 2597 regnum,
334 2514 464 2594 templa,
499 2512 612 2588 urbes,
650 2513 770 2593 oppida
787 2514 822 2577 in
846 2524 950 2576 vestra
972 2532 1007 2576 se
1026 2534 1171 2596 propug-

148 2616 258 2677 nacula
292 2615 510 2685 contuleruut,
544 2624 681 2677 vestram
712 2634 808 2695 opem
835 2614 1018 2696 implorant,
1056 2614 1171 2676 vestris

146 2714 281 2797 genibus
300 2713 522 2775 advolvuntur.
554 2713 587 2775 Si
606 2713 674 2778 illos
691 2715 879 2789 (instituitis,
897 2696 1073 2794 vosipsos,
1090 2713 1173 2777 Ger-

148 2814 250 2889 mani,
278 2811 464 2888 destitutis,
490 2815 618 2896 quando
638 2834 747 2877 omnes
767 2815 801 2877 in
819 2813 1028 2877 Maximiliaui
1050 2815 1174 2897 aquilas

150 2914 368 2996 respiciamus,
379 2932 439 2976 nee
448 2912 575 2975 aliunde
591 2916 864 2995 quamallomano
877 2914 1011 2996 imperio
1019 2914 1174 2977 auxilium

47 3066 49 3071 .
150 3025 357 3093 expetamus,
381 3012 511 3097 qatando
525 3034 577 3077 res
592 3024 697 3076 vestra
710 3035 778 3077 uon
793 3013 913 3089 miuus,
935 3035 1029 3098 quam
1042 3012 1174 3076 aliarum

150 3113 318 3201 regionum
335 3125 455 3195 agatur.
489 3110 694 3175 contermina
711 3113 869 3197 siquidem
879 3114 993 3178 'l'urcis
1005 3113 1175 3176 Germania

150 3236 214 3297 praa
233 3208 299 3276 aliis
316 3225 374 3277 est.
404 3213 491 3276 ltalia
504 3210 606 3288 enim,
620 3214 762 3297 quamvis
776 3215 953 3277 ancarum
967 3214 1058 3277 classi
1073 3214 1175 3296 magis

151 3315 191 3376 sit
209 3314 334 3393 pervia,
354 3313 441 3392 prius
460 3324 564 3375 tamen
583 3334 678 3394 quam
692 3314 726 3377 in
744 3313 862 3377 ltaliam
879 3314 1057 3377 'l'urearum
1075 3313 1176 3394 copisa

152 3412 293 3474 terrestri
320 3411 468 3471 invadant
487 3410 651 3488 exercitu,
683 3412 717 3477 iu
737 3434 803 3497 quo
822 3426 944 3478 constat
962 3413 1027 3477 vim
1047 3433 1177 3477 omnem

47 3547 49 3551 -
151 3508 247 3584 belli,
292 3508 495 3593 victorisque
527 3509 615 3573 sitam
647 3532 740 3589 esse,
789 3513 989 3577 Germaniam
1021 3526 1177 3595 oppetere

153 3620 299 3693 oportet,
325 3607 387 3671 nisi
407 3607 618 3688 carinthiam,
638 3612 790 3693 styriam,
815 3614 991 3690 Croatiam,
1017 3626 1049 3677 et
1068 3615 1177 3695 Unge-

153 3713 247 3787 riam,
269 3711 443 3775 Germaniae
462 3711 576 3776 moenia
594 3734 663 3777 esse
683 3711 811 3777 inficiati
829 3714 993 3778 fuerimus.
1031 3712 1180 3779 Clemen-

152 3814 380 3893 fimbnmffl
400 3814 552 3878 Pontifex
572 3815 656 3893 (dici
681 3834 741 3877 nos
767 3816 890 3895 potest)
917 3814 1040 3899 quantis
1057 3811 1179 3895 vigiliis

154 3919 188 3982 in
206 3937 271 3981 rem
291 3916 371 3977 lianc
389 3914 556 3978 incumbat.
595 3916 671 3977 Nou
688 3914 776 3991 dies,
801 3934 909 3997 neque
928 3927 1037 3979 noctes
1059 3913 1100 3976 ab
1119 3914 1180 3977 bac

155 4017 347 4102 cogitatione
373 4014 463 4077 avelli
490 4026 617 4096 potest,
654 4033 720 4076 nou
747 4013 775 4077 si
801 4015 966 4091 comedat,
1004 4026 1058 4077 aut
1081 4013 1179 4090 hbet,

156 4118 238 4182 alind
264 4128 394 4199 pectore
420 4113 524 4197 agitat.
568 4115 643 4205 Non
662 4134 719 4177 aua
736 4112 817 4194 jam,
845 4116 903 4178 sed
921 4117 1080 4198 seipsum,
1111 4135 1181 4177 san.

155 4218 302 4303 guinem,
337 4227 369 4278 et
388 4213 485 4277 vitam
503 4234 564 4295 pro
585 4212 761 4277 Christiana
785 4216 960 4299 religione,
989 4228 1022 4278 et
1044 4215 1181 4297 imperio

155 4318 250 4398 gestit
280 4336 454 4398 exponere.
503 4314 670 4394 Superest,
704 4327 740 4377 ut
777 4314 932 4383 cannino
960 4318 1012 4381 liic
1046 4316 1182 4381 Senatus

153 4416 394 4499 expeditionem
410 4414 444 4477 iu
456 4414 576 4476 Tureas
595 4413 730 4493 indicat,
749 4418 1005 4501 efficierrdamque
1017 4417 1182 4498 suscipiat.
