2624 5108
505 839 632 917 Oratio
661 839 810 934 Quarta.
1091 848 1157 922 lla

147 1037 317 1103 Germani?
336 1039 403 1100 Aut
415 1057 482 1122 quo
495 1036 606 1100 ordine
620 1035 695 1101 huie
708 1036 922 1100 calumniatori
931 1039 1159 1121 respondebo?

145 1140 231 1220 Quid
254 1138 414 1220 primurn,¹
435 1148 489 1201 aut
509 1136 588 1221 qnid
611 1137 721 1201 ultimo
748 1136 875 1201 dicam?
913 1139 960 1200 Ea
981 1150 1029 1201 est
1048 1141 1156 1222 eopia,

142 1262 214 1324 qnae
229 1258 282 1301 mc
299 1237 420 1315 turbat,
453 1236 481 1301 ia
506 1234 603 1313 ordo,
636 1258 731 1321 quem
748 1237 924 1303 inconsulta
944 1237 1039 1317 hujus
1055 1243 1157 1305 oratio

142 1335 268 1401 servari
277 1357 343 1399 non
353 1334 435 1401 sinit.
472 1336 613 1400 Primum
628 1337 725 1419 igitur
737 1340 796 1401 iste
807 1334 937 1419 ingenio
952 1341 1157 1407 aevoluntate

144 1436 310 1520 pernovit,
339 1448 413 1517 post
437 1437 597 1513 manibus,
628 1460 713 1501 nune
735 1439 860 1501 demum
877 1437 984 1520 lingua
1007 1439 1157 1522 flagitium

146 1536 341 1621 aggreditur.
360 1534 423 1599 Cui
432 1555 505 1599 eum
520 1539 695 1619 petulanter
705 1538 797 1601 bonis
813 1537 999 1602 maledicere
1014 1542 1158 1623 voluptas

145 1637 207 1713 ait,
249 1658 345 1720 quam
377 1657 443 1701 non
466 1641 633 1701 molestum
661 1640 735 1702 lore
762 1639 876 1721 putatis
913 1641 992 1702 male
1026 1639 1159 1705 audire?

144 1741 338 1821 Quanquam
348 1758 415 1800 non
425 1737 557 1820 i‘guoro,
578 1760 671 1820 quem
682 1738 860 1819 petulantia·
873 1740 967 1820 hujus
976 1740 1159 1829 magistrum

140 1837 305 1914 habuerit,
341 1838 403 1901 sub
420 1859 487 1923 quo
512 1841 654 1902 Rhetore
677 1837 737 1901 iata
751 1840 982 1905 declamaverit.
1019 1844 1158 1924 Nempe,

145 1960 166 2003 a
182 1958 250 2021 quo
272 1939 406 2002 edoctus
430 1952 497 2016 eat,
538 1938 627 2000 istam
649 1959 831 2021 proponere
857 1941 1094 2023 exceptionem,
1123 1954 1160 2007 ut

145 2038 248 2115 dieat,
267 2039 455 2125 quibusdam
471 2042 537 2103 suis
548 2040 637 2103 lactis
650 2061 716 2103 non
726 2041 787 2103 hoc
799 2039 951 2124 judicium
966 2038 1159 2125 competere,

145 2140 232 2221 apud
247 2138 330 2209 alios
343 2138 468 2218 judicer
484 2141 675 2203 trauandam
692 2161 826 2207 causam.
865 2144 894 2204 T
896 2164 915 2205 e
930 2144 1032 2226 igitur·
1043 2143 1160 2208 frustra

146 2239 299 2304 diaernun
312 2260 371 2322 per
388 2241 586 2304 Germaniam
600 2241 752 2304 creditum
764 2242 990 2322 Lamprechte,
1009 2263 1051 2303 ex
1067 2240 1159 2322 cuijus

148 2338 359 2422 ingeniolum
383 2353 447 2403 tarn
472 2342 606 2404 absurda
628 2341 747 2424 prodiit
763 2341 920 2405 defensio.
960 2344 1048 2422 Quos
1075 2339 1159 2402 enim

151 2438 331 2519 pontifices,
351 2462 448 2524 quam
466 2444 601 2506 Romam
618 2461 713 2522 supra
729 2438 815 2503 orbia
833 2453 923 2504 terra
939 2443 1161 2521 imperatorem

151 2539 338 2606 constituis?
366 2543 434 2605 Aut
453 2554 607 2625 quatenns
628 2541 689 2603 hoc
709 2551 889 2602 contemnes
908 2540 1091 2623 imperium,
1110 2541 1158 2605 hia

148 2640 260 2704 illudes
277 2640 497 2722 principibus?
518 2639 694 2723 Quicquam
713 2640 745 2702 in
760 2640 926 2702 Germanii
946 2640 1158 2718 committitur,

149 2742 240 2824 quod
264 2740 345 2803 inibi
373 2739 506 2820 judicari
532 2761 598 2803 non
621 2739 755 2803 debeat?
800 2738 851 2803 Sic
879 2752 1016 2803 nostram
1042 2742 1159 2821 prodes

149 2839 351 2905 libertatem?
370 2841 415 2902 sic
434 2843 579 2904 Romano
598 2839 826 2904 lenocinaberia
846 2838 948 2923 jugo?
975 2842 1048 2903 Hoc
1066 2841 1159 2905 nobis

147 2941 312 3005 servitium
332 2940 491 3004 induces?
529 2943 596 3004 Nec
619 2953 651 3004 te
675 2942 774 3022 pudet
797 2943 876 3003 hanc
893 2953 1008 3005 tantam
1026 2940 1160 3023 turpitu-

147 3042 278 3129 dinem,
316 3043 470 3123 populare
499 3040 604 3117 uelat,
638 3040 773 3123 patrium
802 3044 919 3119 scelus,
959 3042 1002 3124 ad
1037 3054 1160 3110 exteras

150 3160 285 3225 quoque
307 3142 450 3205 annones
479 3140 649 3204 emanare?
692 3142 755 3204 Sed
785 3152 889 3203 tecum
924 3142 1028 3204 mitius
1054 3164 1159 3225 agam,

151 3260 248 3324 quam
265 3240 333 3320 ipse
350 3241 502 3321 suspicari
522 3238 669 3322 potuisti,
688 3252 721 3302 et
739 3243 882 3304 sedulum
895 3242 1021 3323 pessimi
1032 3243 1161 3306 Domini

151 3360 284 3403 servum
299 3339 425 3404 mittam.
474 3341 527 3403 Ad
546 3342 629 3402 hunc
654 3354 821 3406 convertar
839 3340 1039 3421 parricidam,
1073 3351 1161 3402 tuum

150 3440 343 3528 principem,
361 3440 455 3522 enjus
473 3452 508 3503 tu
526 3439 669 3504 malitiam
682 3442 863 3524 eloquentia
876 3462 989 3505 acuere
1004 3440 1161 3516 studuisti,

151 3564 171 3603 a
200 3562 268 3624 quo
296 3541 527 3623 percontabor,
575 3562 638 3624 qua
669 3543 793 3604 tandem
823 3543 938 3606 fiducia
975 3545 1040 3606 hacc
1074 3541 1162 3624 loqui

153 3661 320 3723 aggrerm
348 3642 406 3717 ait,
448 3661 521 3703 cum
545 3642 604 3702 hoa
632 3641 725 3704 sciret
751 3640 926 3723 cognitioni
950 3641 1162 3723 praefuturos?

152 3744 208 3806 An
231 3740 411 3817 dubitabas,
445 3740 525 3824 quid
546 3740 756 3822 intelligerent
780 3739 943 3815 homines,
973 3742 1101 3823 quando
1128 3751 1162 3802 tu

151 3842 237 3905 tude
266 3840 302 3903 in
328 3863 390 3905 noa
419 3840 612 3916 mentireris,
652 3859 711 3900 nos
744 3838 785 3900 de
812 3848 865 3912 te,
899 3858 968 3920 que
1002 3843 1103 3921 palam
1127 3859 1163 3902 ac

151 3940 318 4005 manifecte
335 3953 569 4024 perpetrasses,
598 3939 725 4004 fortiter
748 3935 975 4019 loqueremur?
1012 3939 1080 4001 Aut
1098 3959 1165 4001 nou

151 4039 385 4125 iniquiaaimum
407 4042 541 4118 duxisti,
570 4041 605 4103 in
629 4038 701 4122 ejus
726 4036 842 4102 mortui
862 4035 957 4099 vitam
981 4036 1162 4116 inerepare,

151 4161 252 4225 quern
292 4141 403 4205 uiuum
446 4162 609 4224 nunquam
646 4138 813 4215 aromati,
855 4155 1016 4221 nunquam
1051 4137 1165 4199 malum

152 4240 330 4323 mapicatus
354 4240 416 4305 eal
459 4243 561 4324 Quam
587 4241 663 4304 nihil
690 4263 708 4305 a
732 4242 797 4303 vita
820 4250 875 4303 tua
898 4239 1001 4303 isthec
1019 4237 1166 4301 abhorret

153 4338 285 4404 oratio?
324 4343 428 4425 Quam
456 4354 528 4404 aunt
559 4343 662 4404 omnia
691 4341 775 4423 apud
804 4351 835 4402 te
866 4336 1010 4423 aqualia,
1046 4359 1081 4401 ac
1106 4336 1166 4400 sibi

153 4440 322 4504 consona?
371 4445 472 4524 Quam
500 4441 576 4509 nihil
610 4441 786 4523 discrepant
821 4442 964 4507 voluitne
996 4461 1032 4504 ac
1061 4460 1164 4503 semro
