2624 5108
398 39 1304 397 u

196 864 241 935 al
434 860 477 933 In
503 856 688 932 Ulrichum
711 860 962 964 Wintenbeig.

192 1057 250 1117 liae
263 1051 333 1128 via,
345 1055 407 1117 hoc
417 1052 516 1115 modo
526 1096 536 1127 ,
546 1053 605 1115 hac
618 1052 757 1131 ratione,
771 1056 833 1119 hoc
843 1055 1052 1125 interficiendi
1064 1062 1209 1139 consilio,

192 1158 238 1221 sic
263 1153 405 1233 trepide,
437 1153 484 1215 sie
509 1154 693 1217 meticulose
720 1154 761 1218 de
782 1157 889 1221 medio
910 1158 1121 1225 submovisset
1140 1164 1209 1241 hic,

192 1253 277 1339 quin.
293 1275 359 1315 non
382 1253 483 1337 gloria
508 1264 629 1317 tantum
656 1256 808 1335 putaretis
828 1256 1010 1339 indignum,
1041 1282 1078 1322 ae
1100 1264 1209 1339 Ιειιιιίε,

190 1355 247 1419 sed
268 1366 299 1415 et
318 1353 458 1437 probro,
491 1365 522 1415 et
539 1354 691 1418 dedecori
710 1355 905 1432 obnoxium,
924 1358 1014 1440 quod
1025 1364 1212 1441 pudendum

187 1454 305 1519 nostris
322 1453 466 1516 moribus
481 1452 604 1517 lacinus
621 1454 804 1519 admisisset.
849 1459 964 1540 Neque
978 1469 1040 1521 tam
1057 1460 1213 1528 interesse

186 1566 292 1619 vestra
304 1550 486 1634 judicaretis
502 1554 643 1619 occisum
651 1556 791 1631 hostem,
812 1578 907 1639 quam
916 1558 1057 1623 occisum
1070 1560 1210 1641 fortiter,

185 1666 218 1719 et
232 1655 264 1734 *)
284 1666 442 1719 consueto
463 1655 556 1719 vobis
576 1656 693 1734 modo,
725 1668 851 1737 aperte,
877 1678 945 1721 non
961 1661 1170 1737 clandestine,
1191 1686 1210 1727 a

182 1758 309 1832 fronte,
339 1779 407 1820 non
431 1777 448 1817 a
468 1769 583 1843 tergo,
610 1756 650 1819 al)
670 1768 790 1820 ennato
806 1769 972 1831 armatum,
1000 1772 1055 1824 aut
1071 1783 1149 1825 vero
1167 1764 1207 1825 ab

182 1856 313 1934 inermi,
339 1878 375 1920 ae
390 1859 497 1935 nudo,
524 1858 698 1935 inermem,
727 1868 759 1920 et
776 1858 908 1923 nudum.
946 1863 1065 1945 Aequo
1083 1864 1206 1941 Marte,

181 1978 248 2021 non
264 1979 306 2020 ex
315 1957 456 2036 insidiis,
470 1970 697 2041 provocatum,
717 1978 784 2019 nou
794 1958 966 2040 proditrun.
994 1962 1047 2025 Sic
1058 1965 1206 2043 prolecto

180 2070 324 2143 pugnant
342 2058 504 2121 Germani.
542 2060 636 2122 Hanc
649 2059 690 2123 de
704 2080 739 2123 se
755 2057 940 2139 opinionem
955 2064 1040 2142 apud
1054 2075 1204 2128 externos

178 2159 317 2241 populos
337 2159 523 2241 incorrupta
544 2168 594 2222 tot
617 2180 716 2221 armos
738 2157 821 2223 fama
847 2161 1059 2240 praebuerunt.
1107 2164 1203 2227 Adeo

177 2261 240 2325 hoc
258 2260 299 2322 de
323 2259 417 2323 nobis
442 2260 642 2343 percrebuit,
674 2269 710 2321 ut
729 2260 948 2323 Romanorum
963 2282 1096 2346 quoqne
1116 2264 1204 2327 orbis

176 2372 269 2424 terre
291 2360 490 2425 domitorum
506 2361 605 2425 literis
622 2370 769 2441 testatum
796 2360 846 2425 sit.
891 2362 1005 2445 Neque
1029 2362 1088 2425 alia
1109 2383 1204 2429 eausa

175 2462 239 2525 hoc
267 2472 412 2545 tempore
442 2461 708 2535 Bartholomaenm
732 2460 905 2524 Liviannm
938 2462 1051 2525 ducem
1084 2464 1203 2526 Veneti

177 2563 338 2627 exercitus
361 2563 510 2627 odiosum
536 2564 653 2626 nostris
677 2561 771 2625 etiam
788 2561 895 2641 pueris
919 2562 1072 2636 reddidit,
1107 2584 1203 2645 quam

177 2664 267 2748 quod
287 2663 314 2726 is
339 2662 372 2725 in
390 2663 466 2726 loro
487 2663 564 2726 Julii
583 2674 720 2746 quatuor
740 2661 833 2725 millia
848 2661 991 2741 pedittun
1011 2662 1046 2723 in
1064 2662 1201 2727 deditio·

175 2782 250 2827 nem
262 2775 408 2845 accepta,
430 2773 542 2824 contra
557 2759 797 2843 jusjurandum,
812 2760 907 2843 quod
923 2760 965 2823 de
981 2782 1048 2823 non
1061 2763 1202 2829 laedendo

174 2864 240 2927 vita
257 2875 289 2926 et
300 2854 547 2926 'communiendo
564 2860 652 2931 abitu
669 2863 862 2942 prebuerat,
883 2882 956 2923 enm
967 2862 1104 2926 sub'dolo
1117 2864 1199 2928 illins

173 2984 270 3045 suasu
297 2984 383 3026 arma
404 2961 604 3045 posuissent,
645 2961 804 3025 occidioni
829 2960 980 3042 prodidit.
1040 2960 1105 3025 Cui
1139 2964 1199 3027 etsi

175 3081 302 3127 omnem
330 3060 546 3127 infelicitatem
580 3060 772 3144 precemini,
815 3061 1027 3146 meritumtpre
1062 3066 1198 3143 putetis,

175 3161 233 3257 qui
249 3175 413 3248 utcunque
436 3164 588 3240 intereat,
618 3164 675 3225 hae
695 3173 799 3225 tamen
815 3162 869 3224 -via
886 3162 1019 3245 petiistis
1035 3184 1198 3246 nunqnam

173 3285 281 3349 neque
307 3265 386 3329 tanti
417 3276 555 3349 quatuor
582 3262 713 3325 millium
749 3262 948 3326 occidionem
979 3262 1117 3340 lecistis,
1162 3276 1199 3325 nt

170 3363 385 3449 ignominiosa
410 3367 557 3448 quapiam
588 3362 728 3431 vindicta
755 3362 855 3445 pollui
880 3373 1014 3424 vestram
1039 3363 1198 3426 existima·

172 3464 293 3529 tionem
308 3465 485 3528 volueritis.
524 3467 631 3546 Quare
648 3476 684 3527 tu
702 3462 918 3527 Manimdiane
937 3460 1060 3535 Caesar,
1087 3482 1198 3545 neque

173 3585 230 3628 eos
252 3565 399 3631 audivisti
424 3588 583 3650 unquam,
620 3567 686 3650 qui-
700 3584 825 3627 veneno
846 3563 1025 3627 sublaturos
1051 3582 1085 3624 se
1109 3562 1199 3627 illum

171 3665 380 3749 pollicentur,
409 3689 517 3752 neque
545 3686 654 3751 pugna
671 3664 835 3730 Cremensi
862 3676 987 3744 captum
1010 3682 1029 3723 a
1048 3662 1144 3727 Gallis
1157 3666 1201 3727 nd

172 3766 361 3847 supplicium
378 3768 566 3849 poposcisti.
613 3766 719 3831 Mavis
745 3764 863 3827 diutins
884 3783 1068 3849 superesse,
1102 3784 1197 3845 quatu

171 3887 276 3941 novo,
308 3888 344 3930 ac
369 3868 495 3933 insueto
522 3867 687 3933 Germanus
717 3886 826 3938 more,
860 3861 1023 3946 modoque
1040 3862 1197 3926 interimi.

171 3964 231 4028 Vis
248 3968 333 4031 enim
348 3992 414 4036 non
438 3972 514 4033 dolo
535 3990 650 4051 gerere
667 3967 765 4041 bella,
783 3964 923 4027 consiliis
941 3983 978 4024 ac
999 3962 1117 4025 virtute
1135 3963 1196 4027 vis.

171 4065 235 4129 Sed
255 4089 319 4151 qua
337 4069 413 4132 satis
434 4068 548 4131 acerba
568 4064 713 4129 oratione
735 4062 831 4145 hujus
850 4063 1070 4127 immanitatem
1087 4082 1196 4145 perse-

171 4163 227 4247 qui
239 4166 435 4247 possumus?
454 4167 552 4249 Quod
567 4165 601 4228 iu
615 4167 708 4229 hoste
723 4165 925 4229 odiosissime
942 4166 1012 4228 lieri
1028 4165 1197 4239 nollemus,

169 4263 221 4327 hie
243 4265 277 4329 in
301 4266 461 4329 Germano
491 4264 645 4348 sartguiue
672 4263 795 4329 atlmisit
821 4268 982 4329 scelestus.
1032 4265 1071 4327 ln
1089 4264 1196 4347 probo

172 4408 367 4428 —-——-

205 4490 237 4559 ⁴)
255 4509 294 4561 et,
313 4514 347 4549 ac.
433 4560 435 4565 Α
