2624 5108
539 774 659 848 Exul'
1031 775 1102 856 459

80 985 414 1077 DecretumS.
450 988 498 1057 D.
533 984 578 1056 N.
617 983 775 1079 Papae,
818 1008 961 1080 super
993 983 1104 1080 Sup·

178 1108 444 1207 plicatione
479 1105 734 1200 Pasquilli,
772 1106 902 1178 lecta
927 1121 973 1179 et
998 1109 1104 1204 pub·

179 1233 328 1304 licata
355 1254 442 1327 per
465 1231 514 1301 Ι).
540 1228 767 1327 Episcop.
795 1230 1105 1303 Sutriensem.

81 1491 240 1582 Sanctitas
258 1520 299 1581 D.
317 1520 357 1580 N.
378 1519 489 1597 Papae,
519 1526 643 1577 maturo
661 1515 768 1578 habito
789 1515 955 1594 Concilio,
976 1520 1016 1580 ad
1037 1520 1108 1581 uni·

80 1643 209 1684 versum
229 1619 443 1682 Christianum
463 1616 574 1679 orbem
593 1619 712 1699 legatos
737 1617 826 1680 siros
849 1619 968 1681 scilieet
991 1619 1108 1681 doetis-

80 1723 177 1786 simos
194 1721 317 1782 mittere
336 1717 495 1792 decrevit,
523 1717 577 1800 qui
597 1716 738 1798 diligenti
757 1718 905 1801 indagine
920 1719 1108 1803 perquirant

81 1835 112 1886 ct
126 1822 305 1883 examinent
319 1841 393 1894 eos,
423 1817 479 1901 qui
500 1839 534 1880 se
555 1818 734 1901 theologico
751 1820 879 1881 nomine
899 1820 1015 1904 dignos
1037 1843 1108 1883 esse

82 1933 248 1983 censeant:
283 1941 365 2002 quos
391 1919 416 1981 si
446 1931 508 1979 tam
531 1917 637 1980 verbis
663 1941 759 2002 quam
790 1921 941 2000 operibus
968 1923 1108 2004 legitime

82 2019 313 2106 philosophari,
335 2018 522 2099 evangelicae
540 2018 665 2081 veritati
684 2023 796 2083 sedulo
821 2023 992 2097 inherere,
1023 2026 1108 2086 Pau·

79 2124 149 2185 linae
167 2144 202 2184 ac
217 2116 393 2202 priscorum
407 2121 648 2199 Theologorum
668 2122 819 2185 doctrinm
840 2145 968 2202 operam
988 2123 1108 2202 impen-

83 2226 160 2286 dere
189 2221 388 2294 invenerint3
429 2242 485 2281 eos
516 2221 681 2299 praeconiis
708 2234 739 2284 et
767 2223 911 2285 laudibus
938 2226 1107 2299 extollant,

84 2323 333 2405 muneribusque
349 2324 524 2396 honorent,
555 2343 597 2383 ao
607 2335 643 2384 ut
661 2323 795 2385 lelieiter
808 2345 941 2406 quoquc
955 2334 1107 2406 pergant,

86 2436 116 2485 et
130 2424 365 2486 siuecssoribns
383 2443 440 2502 per
459 2443 569 2485 manus
584 2435 669 2486 reete
683 2423 812 2485 vivemli
829 2436 860 2486 et
877 2424 1016 2486 docendi
1033 2446 1110 2487 nor·

85 2546 167 2586 mam
179 2527 317 2597 tradant,
341 2524 558 2584 exhortentur.
580 2525 670 2604 Quos
684 2545 762 2585 vero
774 2544 840 2586 uon
851 2547 908 2601 re,
928 2526 987 2587 scd
1002 2523 1109 2586 verbis

83 2638 200 2687 tantum
218 2626 360 2687 inanilms
378 2625 558 2706 digladiari,
580 2625 793 2705 evangelicam
808 2637 913 2687 atatem
926 2637 957 2687 et
975 2624 1109 2707 priscam

86 2728 310 2809 'theolog-iarn,
341 2727 508 2807 sophistica
528 2723 708 2807 garrulitate
727 2737 758 2785 et
777 2739 928 2809 corrupta
945 2727 1109 2790 dialectiea

83 2849 304 2909 eornunpere,
325 2827 466 2891 moribus
486 2848 564 2889 vero
580 2837 691 2888 contra
710 2848 745 2888 ac
761 2825 820 2907 ipsi
840 2826 1021 2910 praecipiant
1039 2851 1110 2907 pes·

84 2929 161 2990 sime
184 2930 312 3004 virere,
346 2930 483 3014 linguam
505 2927 644 3010 denique
665 2926 789 2988 latinam
814 2928 940 3008 penitus
961 2928 1110 3013 ignorare

84 3028 260 3107 reperient,
278 3049 334 3089 eos
348 3027 643 3091 comminationibus
653 3029 832 3091 deterreant
844 3031 1109 3114 competentibus,

86 3150 152 3211 quo
167 3126 269 3188 miuus
285 3126 437 3207 improbis
457 3134 495 3188 ct'
508 3128 670 3213 flagitiosis
688 3128 846 3205 moribus,
867 3151 938 3192 cum
955 3151 1059 3195 crassa
1079 3141 1112 3192 et

85 3229 198 3307 supina
218 3248 274 3288 sua
298 3226 491 3309 ignorantia,
520 3230 761 3293 sacratissimum
784 3231 970 3315 Theologiae
992 3253 1111 3294 nomen

86 3329 236 3410 deinceps
261 3328 427 3411 inquinare
459 3331 609 3404 audeant,
643 3343 833 3413 perpetuum
859 3330 1047 3417 'garrulitatis
1074 3354 1111 3395 ac

85 3432 229 3494 vanitatis
252 3454 314 3491 sue
335 3429 495 3510 imponant
517 3432 682 3494 silentium.
723 3434 821 3514 Quod
841 3433 869 3495 si
886 3435 919 3496 in
936 3432 1111 3517 pertinacia

85 3555 142 3596 sua
162 3533 253 3593 solita
274 3533 371 3593 instar
390 3532 586 3611 perfidorum
607 3533 789 3608 ludeorum,
816 3546 1023 3614 perseverare
1041 3535 1111 3621 dig·

85 3656 160 3696 num
175 3633 342 3706 duxerint,
364 3643 395 3694 et
412 3631 579 3693 temerario
595 3631 682 3705 uisu,
703 3633 822 3693 monita
839 3655 875 3694 ac
887 3639 1030 3699 mandata
1050 3651 1110 3707 tam

86 3732 168 3815 justa
187 3755 222 3794 ac
241 3735 291 3814 pia
308 3733 470 3817 negligere
483 3733 551 3794 ausi
565 3731 703 3806 suerint,
723 3744 797 3812 post
810 3734 986 3797 debitarum
1004 3758 1111 3817 ltoeua·

86 3858 156 3897 rum
174 3835 372 3897 exactionem
386 3833 561 3894 simulatum
582 3831 639 3894 illis
657 3843 689 3893 et
702 3828 931 3912 hypocriticam
948 3837 1111 3897 detrahant

87 3948 321 4011 ornamentum,
344 3947 377 3997 nt
394 3937 494 4015 palam
510 3932 644 4016 liqueat,
665 3933 724 3994 sub
740 3932 867 3994 leonina
883 3938 965 4015 pelle
983 3934 1111 3998 utillime

88 4038 307 4119 Theologum,
328 4039 385 4098 sed
405 4039 496 4117 plane
518 4032 578 4099 tam
598 4033 652 4097 diu
674 4034 795 4098 asinum
815 4036 987 4099 delituisse.

122 4161 211 4224 Flete
232 4162 346 4244 igitur,
368 4160 610 4245 Theologastri,
629 4183 702 4224 nam
721 4161 900 4244 ignorantia
918 4175 1023 4226 vestm
1041 4184 1078 4228 ae

153 4263 299 4345 perversi
318 4283 442 4337 mores,
462 4264 562 4344 palam
582 4264 676 4339 fient,
695 4283 732 4324 ac
749 4263 1043 4330 manifestabuntur.

442 4442 444 4447 ’
500 4446 692 4470 u—-u-
