2624 5108
524 667 534 717 l

142 884 189 965 tt
381 880 424 955 In
448 876 634 953 Ulrichom
656 876 909 979 Wirtenberg.

141 1077 272 1151 Bucari,
299 1072 420 1150 sorori,
453 1092 520 1137 uon
544 1070 748 1137 contumelias
771 1062 851 1152 jam,
881 1074 936 1133 aut
958 1070 1019 1134 ista
1045 1082 1159 1153 preter

142 1180 237 1242 fidem
251 1175 391 1240 omnium
403 1172 577 1249 horrenda,
597 1182 629 1236 et
642 1169 730 1234 dictu
748 1192 882 1257 quoque
894 1170 1157 1254 peninsulam,

142 1301 212 1364 qun
246 1275 410 1340 decennali
448 1272 678 1339 consuetudine
711 1270 839 1354 perunit
864 1271 917 1349 ⁰),
958 1272 1016 1335 sed
1048 1294 1161 1338 necem

142 1376 315 1443 intentavit.
363 1376 432 1439 Nec
456 1372 500 1437 ita
523 1390 651 1449 necem,
679 1380 715 1434 ut
736 1370 998 1437 innocentissime
1020 1366 1161 1439 mulieris

142 1490 244 1543 morte
276 1486 443 1538 contentus
473 1480 579 1551 esset,
615 1472 673 1537 sed
698 1472 952 1555 turpissimorurtt
981 1472 1163 1541 facinorum

142 1591 251 1653 notas,
289 1577 335 1639 sic
363 1576 402 1637 ab
429 1595 465 1638 se
490 1572 637 1658 jugulate
666 1564 869 1656 impingebat.
908 1572 991 1657 Quia
1017 1576 1102 1639 enim
1128 1590 1165 1640 ut

143 1679 286 1763 quaedam
313 1677 355 1739 de
380 1696 415 1739 se
441 1662 613 1757 flagitiosa,
643 1686 715 1738 etat
741 1672 857 1759 quihus
882 1674 951 1758 ipsa
980 1676 1163 1760 longissime

145 1801 269 1861 semper
289 1777 410 1854 abfuit,
429 1774 649 1851 confiteretur,
669 1768 799 1857 adigere
813 1792 881 1839 nott
894 1768 1014 1858 potuit,
1040 1770 1164 1840 invenit

145 1885 207 1945 hoc
225 1877 393 1943 aemilium
412 1879 601 1952 sceleratus,
632 1886 670 1939 ut
687 1878 844 1939 mortitam
862 1890 949 1940 ream
973 1890 1105 1960 ageret,
1131 1888 1166 1942 et

146 1994 221 2045 tunc
246 1989 422 2052 accusaret,
459 1974 538 2060 ‹ptrin
565 1975 610 2039 illi
634 1976 676 2040 ad
702 1970 868 2042 dioertdam
902 1992 1029 2043 eausam
1053 1974 1166 2046 adesse

146 2104 213 2147 non
245 2080 364 2143 liceret.
417 2076 480 2143 Ubi
506 2076 741 2143 connivendum
763 2070 840 2142 milri
868 2074 984 2157 oredo,
1017 2074 1165 2166 quotlin

146 2206 186 2248 ea
196 2182 309 2258 incidi,
330 2202 401 2264 qua
418 2171 719 2243 tamsuutomniltns
729 2186 823 2258 nota,
841 2198 912 2265 quaa
928 2196 1008 2245 ame
1018 2174 1082 2244 dici
1096 2196 1166 2244 non

146 2287 322 2368 poemiam,
353 2287 385 2342 et
404 2276 565 2363 quedam,
600 2274 796 2345 siobnixius
820 2296 884 2367 ego
903 2294 1165 2359 commemorem,

146 2398 252 2469 potest
284 2382 378 2447 alicui
408 2381 548 2465 suspicio
579 2377 665 2456 lteri,
707 2378 832 2445 aliunde
859 2378 925 2446 itsec
952 2376 1047 2446 nobis
1076 2374 1167 2467 qnasi

147 2487 264 2551 auxilia
281 2484 364 2569 peti,
396 2503 433 2547 ac
455 2502 597 2567 peraegre
616 2474 818 2558 accersitum,
848 2478 939 2567 quod
955 2480 1031 2548 huic
1048 2476 1168 2566 patrio-

148 2589 272 2652 cinetur
291 2606 408 2661 causae,
445 2593 477 2648 et
503 2583 618 2647 alienas
642 2581 830 2645 calamitates
849 2584 967 2649 nostris
987 2577 1168 2646 defectibus

150 2688 261 2757 suffici.
312 2683 448 2751 Accedit
475 2681 516 2750 ad
540 2688 602 2749 hoc
622 2684 710 2767 quod
728 2681 801 2745 talia
819 2687 893 2747 aunt
912 2677 1054 2767 predam
1071 2674 1169 2765 hujus

150 2788 305 2863 criminis,
349 2799 386 2849 ut
409 2786 458 2858 aa)
483 2804 545 2847 nec
570 2804 589 2847 a
613 2802 664 2846 me
694 2777 775 2858 dici,
820 2798 920 2845 neca
945 2782 1039 2847 vobis
1066 2777 1169 2848 audiri

150 2893 323 2957 sustineant
349 2888 429 2963 neap
491 2884 545 2951 An
574 2891 714 2949 nostram
751 2880 881 2964 quidem
917 2900 1043 2948 calisam
1080 2878 1171 2969 quod

150 2985 308 3065 pertinet,
339 2987 408 3052 talis
434 2984 552 3069 injuria
577 3000 641 3062 est,
672 3000 710 3049 ut
734 3007 800 3048 non
824 2994 889 3050 tam
913 2985 1049 3049 alienum
1069 2980 1108 3075 ati
1134 2999 1170 3050 se

151 3083 227 3147 nihil
239 3094 374 3168 quaerat,
391 3106 487 3172 quam
500 3109 556 3151 sua
569 3081 802 3171 magnitudine,
818 3106 855 3150 ac
868 3086 1030 3151 atrocitate
1044 3104 1171 3151 omnem

151 3184 325 3264 diritatem,
356 3208 452 3252 omne
485 3191 585 3252 scelus
615 3183 729 3251 vincat.
774 3183 874 3270 Quod
901 3181 960 3250 etsi
986 3202 1172 3271 persuasum

152 3287 194 3351 ita
227 3288 320 3352 vobis
348 3300 437 3353 certo
463 3286 577 3364 sciam,
625 3281 713 3369 cogit
740 3307 792 3351 me
822 3294 927 3351 tamen
959 3281 1174 3352 illustrissima

151 3388 290 3452 mulieris
310 3389 484 3464 calamitas,
510 3396 633 3463 vestra,
663 3382 827 3453 forlimimi
846 3382 979 3463 Bavari,
1006 3389 1174 3466 maestitia,

154 3510 224 3572 quac
243 3509 278 3551 se
297 3486 379 3550 rniro
396 3487 534 3571 quodam
546 3489 613 3552 fato
626 3488 742 3551 nostris
755 3488 842 3552 malis
854 3482 1017 3568 adjunxit,
1038 3486 1177 3572 aliquam

152 3589 215 3649 huc
242 3586 470 3667 cogitationum
497 3610 638 3653 mearum
664 3598 786 3671 partem
812 3582 977 3665 derivare,
1009 3610 1077 3652 non
1104 3606 1175 3674 quo

154 3707 213 3749 nos
233 3706 385 3769 augeam,
412 3689 470 3751 sed
488 3692 558 3753 solo
576 3688 773 3753 humanitatis
792 3688 908 3754 affectu
927 3686 1037 3755 alienis
1052 3687 1176 3756 condo·

153 3789 269 3851 lentem
288 3788 375 3863 enea)
397 3788 495 3851 malis.
532 3790 640 3873 Quare
659 3784 723 3853 hoc
741 3788 831 3867 dico,
850 3812 918 3854 non
937 3796 1052 3855 nostrae
1072 3806 1178 3855 causa

154 3885 345 3970 patrocinari
374 3889 455 3951 hanc
481 3909 598 3953 novam
630 3890 884 3973 improbitatem,
919 3894 978 3956 sed
1009 3916 1026 3957 a
1057 3886 1177 3957 nostris

155 3986 261 4071 potius
286 3986 373 4053 malis
401 4004 611 4072 comparatam
636 3989 710 4054 huic
733 3990 841 4055 tidem.
865 3990 923 4055 ,Εἰ
945 3988 1006 4057 nisi
1033 4000 1116 4057 tanta
1143 3988 1180 4059 in

150 4111 214 4160 >nos
233 4090 418 4153 crudelitate
440 4110 563 4153 omnem
584 4086 623 4154 ab
642 4112 676 4155 se
702 4088 830 4156 humani
850 4087 972 4179 ingenii
992 4092 1179 4177 opinionem

51 4262 58 4271 Ι
154 4190 295 4255 exuisset
319 4189 460 4253 nefarius
486 4190 587 4268 latro,
618 4194 820 4278 nequaqnam
845 4188 879 4257 in
899 4194 1029 4260 auribus
1047 4192 1178 4278 pientis-

158 4332 351 4351 ——ad

189 4418 220 4487 Ι’)
237 4428 298 4474 nacla
315 4426 427 4486 pertulit:
451 4429 505 4476 laec
525 4426 661 4489 drtrchceat.
697 4420 738 4483 “l
757 4439 802 4493 nt,
828 4446 886 4495 que.
932 4422 993 4497 m)
1012 4436 1178 4495 sustineant,

188 4512 315 4559 aaronem.
352 4502 433 4574 Μ’)
451 4516 637 4576 condolentem,
656 4510 795 4569 condolent.
