<?xml version="1.0" encoding="UTF-8"?>
<!DOCTYPE html PUBLIC "-//W3C//DTD XHTML 1.0 Transitional//EN"
    "http://www.w3.org/TR/xhtml1/DTD/xhtml1-transitional.dtd">
<html xmlns="http://www.w3.org/1999/xhtml" xml:lang="en" lang="en">
 <head>
  <title>
</title>
<meta http-equiv="Content-Type" content="text/html;charset=utf-8" />
  <meta name='ocr-system' content='tesseract 3.04.00' />
  <meta name='ocr-capabilities' content='ocr_page ocr_carea ocr_par ocr_line ocrx_word'/>
</head>
<body>
  <div class='ocr_page' id='page_1' title='image "./ulrichiabhutten03mngoog_0530.png"; bbox 0 0 2624 5108; ppageno 0'>
   <div class='ocr_carea' id='block_1_1' title="bbox 70 39 904 423">
    <p class='ocr_par' dir='ltr' id='par_1_1' title="bbox 70 39 904 423">
     <span class='ocr_line' id='line_1_1' title="bbox 70 39 904 381; baseline -0.026 -2"><span class='ocrx_word' id='word_1_1' title='bbox 70 39 904 381; x_wconf 92' lang='lat'><em>-</em></span> 
     </span>
     <span class='ocr_line' id='line_1_2' title="bbox 148 402 817 423; baseline 0.003 -2"><span class='ocrx_word' id='word_1_2' title='bbox 148 408 154 421; x_wconf 75' lang='lat' dir='ltr'><strong>e</strong></span> <span class='ocrx_word' id='word_1_3' title='bbox 662 402 665 407; x_wconf 86' lang='lat'>&#39;</span> <span class='ocrx_word' id='word_1_4' title='bbox 808 412 817 423; x_wconf 63' lang='lat' dir='ltr'><strong>a</strong></span> 
     </span>
    </p>
   </div>
   <div class='ocr_carea' id='block_1_2' title="bbox 140 1309 1144 1417">
    <p class='ocr_par' dir='ltr' id='par_1_2' title="bbox 140 1309 1144 1417">
     <span class='ocr_line' id='line_1_3' title="bbox 140 1309 1144 1417; baseline -0.005 -9"><span class='ocrx_word' id='word_1_5' title='bbox 140 1336 204 1408; x_wconf 80' lang='lat' dir='ltr'><strong>Ad</strong></span> <span class='ocrx_word' id='word_1_6' title='bbox 242 1338 507 1410; x_wconf 79' lang='lat' dir='ltr'><strong>Germanos</strong></span> <span class='ocrx_word' id='word_1_7' title='bbox 542 1309 651 1408; x_wconf 84' lang='lat' dir='ltr'><strong>suos</strong></span> <span class='ocrx_word' id='word_1_8' title='bbox 681 1326 1076 1410; x_wconf 77' lang='lat' dir='ltr'><strong>Exhortatorium</strong></span> <span class='ocrx_word' id='word_1_9' title='bbox 1098 1333 1144 1417; x_wconf 76' lang='lat'><strong>⁴⁵).</strong></span> 
     </span>
    </p>
   </div>
   <div class='ocr_carea' id='block_1_3' title="bbox 104 1753 1068 4146">
    <p class='ocr_par' dir='ltr' id='par_1_3' title="bbox 141 1753 1011 1965">
     <span class='ocr_line' id='line_1_4' title="bbox 141 1753 904 1870; baseline -0.003 -22"><span class='ocrx_word' id='word_1_10' title='bbox 141 1753 327 1849; x_wconf 84' lang='lat' dir='ltr'><strong>Dormitum</strong></span> <span class='ocrx_word' id='word_1_11' title='bbox 349 1796 441 1850; x_wconf 89' lang='lat' dir='ltr'><strong>nimio</strong></span> <span class='ocrx_word' id='word_1_12' title='bbox 464 1795 531 1867; x_wconf 88' lang='lat' dir='ltr'><strong>plus</strong></span> <span class='ocrx_word' id='word_1_13' title='bbox 552 1802 611 1863; x_wconf 83' lang='lat' dir='ltr'><strong>ost,</strong></span> <span class='ocrx_word' id='word_1_14' title='bbox 639 1788 775 1860; x_wconf 70' lang='lat' dir='ltr'><strong>exurgite&#39;</strong></span> <span class='ocrx_word' id='word_1_15' title='bbox 794 1789 876 1870; x_wconf 81' lang='lat' dir='ltr'><strong>oires</strong></span> <span class='ocrx_word' id='word_1_16' title='bbox 901 1848 904 1855; x_wconf 63' lang='grc'>,</span> 
     </span>
     <span class='ocr_line' id='line_1_5' title="bbox 207 1876 908 1965; baseline -0.01 -16"><span class='ocrx_word' id='word_1_17' title='bbox 207 1894 246 1949; x_wconf 86' lang='lat' dir='ltr'><strong>Et</strong></span> <span class='ocrx_word' id='word_1_18' title='bbox 266 1913 369 1950; x_wconf 84' lang='lat' dir='ltr'><strong>curam</strong></span> <span class='ocrx_word' id='word_1_19' title='bbox 393 1881 479 1949; x_wconf 78' lang='lat' dir='ltr'><strong>fracti</strong></span> <span class='ocrx_word' id='word_1_20' title='bbox 506 1876 646 1965; x_wconf 84' lang='lat' dir='ltr'><strong>corripite</strong></span> <span class='ocrx_word' id='word_1_21' title='bbox 668 1890 795 1962; x_wconf 84' lang='lat' dir='ltr'><strong>imperii.</strong></span> <span class='ocrx_word' id='word_1_22' title='bbox 906 1955 908 1960; x_wconf 88' lang='lat'><em>.</em></span> 
     </span>
    </p>

    <p class='ocr_par' dir='ltr' id='par_1_4' title="bbox 142 1989 962 2167">
     <span class='ocr_line' id='line_1_6' title="bbox 142 1989 962 2064; baseline -0.006 -19"><span class='ocrx_word' id='word_1_23' title='bbox 142 1993 314 2046; x_wconf 83' lang='lat' dir='ltr'><strong>Dormitum</strong></span> <span class='ocrx_word' id='word_1_24' title='bbox 334 1994 426 2046; x_wconf 89' lang='lat' dir='ltr'><strong>nimio</strong></span> <span class='ocrx_word' id='word_1_25' title='bbox 445 1994 511 2064; x_wconf 89' lang='lat' dir='ltr'><strong>plus</strong></span> <span class='ocrx_word' id='word_1_26' title='bbox 532 2002 586 2047; x_wconf 87' lang='lat' dir='ltr'><strong>est.</strong></span> <span class='ocrx_word' id='word_1_27' title='bbox 621 1991 690 2044; x_wconf 86' lang='lat' dir='ltr'><strong>Jsm</strong></span> <span class='ocrx_word' id='word_1_28' title='bbox 714 1989 873 2057; x_wconf 68' lang='lat' dir='ltr'><strong>Pannonias</strong></span> <span class='ocrx_word' id='word_1_29' title='bbox 892 1998 962 2054; x_wconf 67' lang='lat' dir='ltr'><strong>acer</strong></span> 
     </span>
     <span class='ocr_line' id='line_1_7' title="bbox 207 2073 874 2167; baseline -0.009 -21"><span class='ocrx_word' id='word_1_30' title='bbox 207 2092 241 2146; x_wconf 87' lang='lat' dir='ltr'><strong>lu</strong></span> <span class='ocrx_word' id='word_1_31' title='bbox 263 2101 364 2144; x_wconf 84' lang='lat' dir='ltr'><strong>vostro</strong></span> <span class='ocrx_word' id='word_1_32' title='bbox 383 2073 478 2162; x_wconf 83' lang='lat' dir='ltr'><strong>pulsat</strong></span> <span class='ocrx_word' id='word_1_33' title='bbox 495 2092 595 2145; x_wconf 85' lang='lat' dir='ltr'><strong>limine</strong></span> <span class='ocrx_word' id='word_1_34' title='bbox 618 2092 722 2145; x_wconf 81' lang='lat' dir='ltr'><strong>Toros</strong></span> <span class='ocrx_word' id='word_1_35' title='bbox 742 2089 842 2156; x_wconf 84' lang='lat' dir='ltr'><strong>fores,</strong></span> <span class='ocrx_word' id='word_1_36' title='bbox 868 2155 874 2167; x_wconf 26' lang='grc' dir='ltr'>ι</span> 
     </span>
    </p>

    <p class='ocr_par' dir='ltr' id='par_1_5' title="bbox 143 2181 1048 2368">
     <span class='ocr_line' id='line_1_8' title="bbox 143 2181 1048 2257; baseline -0.008 -11"><span class='ocrx_word' id='word_1_37' title='bbox 143 2191 222 2246; x_wconf 88' lang='lat' dir='ltr'><strong>Dum</strong></span> <span class='ocrx_word' id='word_1_38' title='bbox 235 2205 290 2244; x_wconf 86' lang='lat' dir='ltr'><strong>vos</strong></span> <span class='ocrx_word' id='word_1_39' title='bbox 302 2206 425 2244; x_wconf 82' lang='lat' dir='ltr'><strong>somnus</strong></span> <span class='ocrx_word' id='word_1_40' title='bbox 443 2189 535 2243; x_wconf 77' lang='lat' dir='ltr'><strong>habet</strong></span> <span class='ocrx_word' id='word_1_41' title='bbox 549 2189 677 2257; x_wconf 85' lang='lat' dir='ltr'><strong>(tantum</strong></span> <span class='ocrx_word' id='word_1_42' title='bbox 698 2198 741 2242; x_wconf 84' lang='lat' dir='ltr'><strong>ost</strong></span> <span class='ocrx_word' id='word_1_43' title='bbox 756 2185 892 2256; x_wconf 77' lang='lat' dir='ltr'><strong>vigilare)</strong></span> <span class='ocrx_word' id='word_1_44' title='bbox 911 2181 1048 2254; x_wconf 84' lang='lat' dir='ltr'><strong>pudendo</strong></span> 
     </span>
     <span class='ocr_line' id='line_1_9' title="bbox 207 2286 938 2368; baseline -0.011 -23"><span class='ocrx_word' id='word_1_45' title='bbox 207 2289 390 2356; x_wconf 85' lang='lat' dir='ltr'><strong>Dedecore,</strong></span> <span class='ocrx_word' id='word_1_46' title='bbox 409 2298 437 2362; x_wconf 83' lang='lat' dir='ltr'><strong>et</strong></span> <span class='ocrx_word' id='word_1_47' title='bbox 458 2289 570 2343; x_wconf 85' lang='lat' dir='ltr'><strong>nostris</strong></span> <span class='ocrx_word' id='word_1_48' title='bbox 589 2289 721 2368; x_wconf 78' lang='lat' dir='ltr'><strong>cladibus</strong></span> <span class='ocrx_word' id='word_1_49' title='bbox 737 2288 833 2343; x_wconf 86' lang='lat' dir='ltr'><strong>hostis</strong></span> <span class='ocrx_word' id='word_1_50' title='bbox 847 2286 938 2338; x_wconf 81' lang='lat' dir='ltr'><strong>adest.</strong></span> 
     </span>
    </p>

    <p class='ocr_par' dir='ltr' id='par_1_6' title="bbox 141 2387 942 2553">
     <span class='ocr_line' id='line_1_10' title="bbox 141 2387 876 2458; baseline -0.003 -19"><span class='ocrx_word' id='word_1_51' title='bbox 141 2387 243 2440; x_wconf 86' lang='lat' dir='ltr'><strong>Hostis</strong></span> <span class='ocrx_word' id='word_1_52' title='bbox 260 2388 358 2455; x_wconf 80' lang='lat' dir='ltr'><strong>adest,</strong></span> <span class='ocrx_word' id='word_1_53' title='bbox 379 2388 496 2455; x_wconf 79' lang='lat' dir='ltr'><strong>vigilate</strong></span> <span class='ocrx_word' id='word_1_54' title='bbox 520 2388 593 2454; x_wconf 88' lang='lat' dir='ltr'><strong>viri,</strong></span> <span class='ocrx_word' id='word_1_55' title='bbox 612 2390 726 2458; x_wconf 81' lang='lat' dir='ltr'><strong>vigilate</strong></span> <span class='ocrx_word' id='word_1_56' title='bbox 743 2398 876 2457; x_wconf 85' lang='lat' dir='ltr'><strong>repente.</strong></span> 
     </span>
     <span class='ocr_line' id='line_1_11' title="bbox 208 2486 942 2553; baseline -0.003 -14"><span class='ocrx_word' id='word_1_57' title='bbox 208 2486 278 2540; x_wconf 83' lang='lat' dir='ltr'><strong>Jam</strong></span> <span class='ocrx_word' id='word_1_58' title='bbox 299 2487 375 2539; x_wconf 81' lang='lat' dir='ltr'><strong>foret</strong></span> <span class='ocrx_word' id='word_1_59' title='bbox 397 2497 553 2540; x_wconf 85' lang='lat' dir='ltr'><strong>externum</strong></span> <span class='ocrx_word' id='word_1_60' title='bbox 576 2488 714 2543; x_wconf 81' lang='lat' dir='ltr'><strong>Teutono</strong></span> <span class='ocrx_word' id='word_1_61' title='bbox 733 2497 812 2540; x_wconf 82' lang='lat' dir='ltr'><strong>terra</strong></span> <span class='ocrx_word' id='word_1_62' title='bbox 827 2486 942 2553; x_wconf 84' lang='lat' dir='ltr'><strong>jugum.</strong></span> 
     </span>
    </p>

    <p class='ocr_par' dir='ltr' id='par_1_7' title="bbox 142 2585 939 2757">
     <span class='ocr_line' id='line_1_12' title="bbox 142 2585 939 2656; baseline -0.006 -16"><span class='ocrx_word' id='word_1_63' title='bbox 142 2586 208 2640; x_wconf 84' lang='lat' dir='ltr'><strong>Hoc</strong></span> <span class='ocrx_word' id='word_1_64' title='bbox 228 2587 328 2639; x_wconf 89' lang='lat' dir='ltr'><strong>tulerit</strong></span> <span class='ocrx_word' id='word_1_65' title='bbox 346 2586 488 2654; x_wconf 77' lang='lat' dir='ltr'><strong>Rhenus,</strong></span> <span class='ocrx_word' id='word_1_66' title='bbox 507 2587 606 2642; x_wconf 88' lang='lat' dir='ltr'><strong>tulerit</strong></span> <span class='ocrx_word' id='word_1_67' title='bbox 623 2585 785 2643; x_wconf 74' lang='lat' dir='ltr'><strong>Germania</strong></span> <span class='ocrx_word' id='word_1_68' title='bbox 804 2600 939 2656; x_wconf 82' lang='lat' dir='ltr'><strong>pugnax,</strong></span> 
     </span>
     <span class='ocr_line' id='line_1_13' title="bbox 208 2685 916 2757; baseline 0 -18"><span class='ocrx_word' id='word_1_69' title='bbox 208 2685 264 2739; x_wconf 88' lang='lat' dir='ltr'><strong>Hic</strong></span> <span class='ocrx_word' id='word_1_70' title='bbox 289 2686 387 2739; x_wconf 84' lang='lat' dir='ltr'><strong>Asiam</strong></span> <span class='ocrx_word' id='word_1_71' title='bbox 408 2685 527 2741; x_wconf 83' lang='lat' dir='ltr'><strong>domins</strong></span> <span class='ocrx_word' id='word_1_72' title='bbox 547 2696 664 2757; x_wconf 79' lang='lat' dir='ltr'><strong>sceptra</strong></span> <span class='ocrx_word' id='word_1_73' title='bbox 684 2697 785 2738; x_wconf 86' lang='lat' dir='ltr'><strong>tenore</strong></span> <span class='ocrx_word' id='word_1_74' title='bbox 805 2686 916 2739; x_wconf 83' lang='lat' dir='ltr'><strong>manu?</strong></span> 
     </span>
    </p>

    <p class='ocr_par' dir='ltr' id='par_1_8' title="bbox 104 2783 1068 2857">
     <span class='ocr_line' id='line_1_14' title="bbox 104 2783 1068 2857; baseline 0.001 -18"><span class='ocrx_word' id='word_1_75' title='bbox 104 2802 111 2811; x_wconf 80' lang='grc'>·</span> <span class='ocrx_word' id='word_1_76' title='bbox 144 2785 183 2840; x_wconf 88' lang='lat' dir='ltr'><strong>Et</strong></span> <span class='ocrx_word' id='word_1_77' title='bbox 200 2787 281 2857; x_wconf 90' lang='lat' dir='ltr'><strong>quod</strong></span> <span class='ocrx_word' id='word_1_78' title='bbox 300 2786 397 2840; x_wconf 86' lang='lat' dir='ltr'><strong>Roma</strong></span> <span class='ocrx_word' id='word_1_79' title='bbox 415 2795 541 2856; x_wconf 85' lang='lat' dir='ltr'><strong>potens,</strong></span> <span class='ocrx_word' id='word_1_80' title='bbox 566 2794 637 2851; x_wconf 75' lang='lat' dir='ltr'><strong>tuno</strong></span> <span class='ocrx_word' id='word_1_81' title='bbox 661 2802 729 2838; x_wconf 87' lang='lat' dir='ltr'><strong>oum</strong></span> <span class='ocrx_word' id='word_1_82' title='bbox 748 2799 781 2838; x_wconf 86' lang='lat' dir='ltr'><strong>se</strong></span> <span class='ocrx_word' id='word_1_83' title='bbox 799 2785 828 2838; x_wconf 88' lang='lat' dir='ltr'><strong>in</strong></span> <span class='ocrx_word' id='word_1_84' title='bbox 847 2783 920 2837; x_wconf 85' lang='lat' dir='ltr'><strong>flore</strong></span> <span class='ocrx_word' id='word_1_85' title='bbox 937 2784 1068 2852; x_wconf 79' lang='lat' dir='ltr'><strong>videret,</strong></span> 
     </span>
    </p>

    <p class='ocr_par' dir='ltr' id='par_1_9' title="bbox 209 2884 924 2956">
     <span class='ocr_line' id='line_1_15' title="bbox 209 2884 924 2956; baseline -0.004 -16"><span class='ocrx_word' id='word_1_86' title='bbox 209 2884 281 2940; x_wconf 93' lang='lat' dir='ltr'><strong>Non</strong></span> <span class='ocrx_word' id='word_1_87' title='bbox 299 2886 412 2956; x_wconf 86' lang='lat' dir='ltr'><strong>potuit,</strong></span> <span class='ocrx_word' id='word_1_88' title='bbox 430 2902 581 2956; x_wconf 85' lang='lat' dir='ltr'><strong>nunquam</strong></span> <span class='ocrx_word' id='word_1_89' title='bbox 602 2884 699 2940; x_wconf 83' lang='lat' dir='ltr'><strong>Gallia</strong></span> <span class='ocrx_word' id='word_1_90' title='bbox 719 2884 799 2955; x_wconf 84' lang='lat' dir='ltr'><strong>quod</strong></span> <span class='ocrx_word' id='word_1_91' title='bbox 818 2884 924 2953; x_wconf 84' lang='lat' dir='ltr'><strong>potuit.</strong></span> 
     </span>
    </p>

    <p class='ocr_par' dir='ltr' id='par_1_10' title="bbox 142 2983 980 3157">
     <span class='ocr_line' id='line_1_16' title="bbox 142 2983 980 3056; baseline -0.004 -15"><span class='ocrx_word' id='word_1_92' title='bbox 142 2983 213 3041; x_wconf 82' lang='lat' dir='ltr'><strong>Non</strong></span> <span class='ocrx_word' id='word_1_93' title='bbox 234 2985 317 3038; x_wconf 90' lang='lat' dir='ltr'><strong>crudi</strong></span> <span class='ocrx_word' id='word_1_94' title='bbox 338 2994 463 3056; x_wconf 81' lang='lat' dir='ltr'><strong>potuere</strong></span> <span class='ocrx_word' id='word_1_95' title='bbox 482 2985 620 3055; x_wconf 81' lang='lat' dir='ltr'><strong>Scythae,</strong></span> <span class='ocrx_word' id='word_1_96' title='bbox 639 2985 777 3055; x_wconf 85' lang='lat' dir='ltr'><strong>Dacique</strong></span> <span class='ocrx_word' id='word_1_97' title='bbox 795 2983 980 3054; x_wconf 75' lang='lat' dir='ltr'><strong>Gothosque,</strong></span> 
     </span>
     <span class='ocr_line' id='line_1_17' title="bbox 211 3082 888 3157; baseline -0.001 -22"><span class='ocrx_word' id='word_1_98' title='bbox 211 3085 301 3157; x_wconf 80' lang='lat' dir='ltr'><strong>Quod</strong></span> <span class='ocrx_word' id='word_1_99' title='bbox 324 3101 384 3138; x_wconf 90' lang='lat' dir='ltr'><strong>non</strong></span> <span class='ocrx_word' id='word_1_100' title='bbox 403 3084 515 3138; x_wconf 81' lang='lat' dir='ltr'><strong>finitimi</strong></span> <span class='ocrx_word' id='word_1_101' title='bbox 536 3088 667 3141; x_wconf 80' lang='lat' dir='ltr'><strong>Sarmata</strong></span> <span class='ocrx_word' id='word_1_102' title='bbox 689 3084 789 3138; x_wconf 84' lang='lat' dir='ltr'><strong>cultor</strong></span> <span class='ocrx_word' id='word_1_103' title='bbox 807 3082 888 3151; x_wconf 78' lang='lat' dir='ltr'><strong>agri,</strong></span> 
     </span>
    </p>

    <p class='ocr_par' dir='ltr' id='par_1_11' title="bbox 144 3182 952 3353">
     <span class='ocr_line' id='line_1_18' title="bbox 144 3182 952 3251; baseline 0.001 -15"><span class='ocrx_word' id='word_1_104' title='bbox 144 3183 210 3236; x_wconf 86' lang='lat' dir='ltr'><strong>Hoc</strong></span> <span class='ocrx_word' id='word_1_105' title='bbox 229 3182 346 3234; x_wconf 84' lang='lat' dir='ltr'><strong>Turcas</strong></span> <span class='ocrx_word' id='word_1_106' title='bbox 363 3183 496 3251; x_wconf 83' lang='lat' dir='ltr'><strong>potuisse</strong></span> <span class='ocrx_word' id='word_1_107' title='bbox 517 3184 630 3250; x_wconf 80' lang='lat' dir='ltr'><strong>loreis,</strong></span> <span class='ocrx_word' id='word_1_108' title='bbox 649 3185 715 3237; x_wconf 83' lang='lat' dir='ltr'><strong>haeo</strong></span> <span class='ocrx_word' id='word_1_109' title='bbox 732 3183 838 3237; x_wconf 86' lang='lat' dir='ltr'><strong>viderit</strong></span> <span class='ocrx_word' id='word_1_110' title='bbox 857 3182 952 3237; x_wconf 70' lang='lat' dir='ltr'><strong>atesi</strong></span> 
     </span>
     <span class='ocr_line' id='line_1_19' title="bbox 208 3279 886 3353; baseline 0.004 -19"><span class='ocrx_word' id='word_1_111' title='bbox 208 3280 247 3334; x_wconf 91' lang='lat' dir='ltr'><strong>Et</strong></span> <span class='ocrx_word' id='word_1_112' title='bbox 265 3279 392 3349; x_wconf 85' lang='lat' dir='ltr'><strong>(pudor)</strong></span> <span class='ocrx_word' id='word_1_113' title='bbox 411 3295 449 3333; x_wconf 85' lang='lat' dir='ltr'><strong>ex</strong></span> <span class='ocrx_word' id='word_1_114' title='bbox 468 3281 536 3334; x_wconf 78' lang='lat' dir='ltr'><strong>Asia</strong></span> <span class='ocrx_word' id='word_1_115' title='bbox 561 3284 688 3336; x_wconf 79' lang='lat' dir='ltr'><strong>sonuerit</strong></span> <span class='ocrx_word' id='word_1_116' title='bbox 707 3282 886 3353; x_wconf 83' lang='lat' dir='ltr'><strong>imperium?</strong></span> 
     </span>
    </p>

    <p class='ocr_par' dir='ltr' id='par_1_12' title="bbox 141 3377 1019 3555">
     <span class='ocr_line' id='line_1_20' title="bbox 141 3377 1019 3452; baseline 0.005 -16"><span class='ocrx_word' id='word_1_117' title='bbox 141 3382 206 3436; x_wconf 84' lang='lat' dir='ltr'><strong>Ah!</strong></span> <span class='ocrx_word' id='word_1_118' title='bbox 225 3381 338 3434; x_wconf 70' lang='lat' dir='ltr'><strong>alacres</strong></span> <span class='ocrx_word' id='word_1_119' title='bbox 355 3377 406 3431; x_wconf 92' lang='lat' dir='ltr'><strong>ubi</strong></span> <span class='ocrx_word' id='word_1_120' title='bbox 428 3395 507 3432; x_wconf 89' lang='lat' dir='ltr'><strong>nunc</strong></span> <span class='ocrx_word' id='word_1_121' title='bbox 529 3380 639 3438; x_wconf 84' lang='lat' dir='ltr'><strong>animi?</strong></span> <span class='ocrx_word' id='word_1_122' title='bbox 659 3383 745 3452; x_wconf 77' lang='lat' dir='ltr'><strong>vigor</strong></span> <span class='ocrx_word' id='word_1_123' title='bbox 767 3383 814 3436; x_wconf 88' lang='lat' dir='ltr'><strong>illo</strong></span> <span class='ocrx_word' id='word_1_124' title='bbox 831 3382 882 3436; x_wconf 91' lang='lat' dir='ltr'><strong>ubi</strong></span> <span class='ocrx_word' id='word_1_125' title='bbox 892 3422 901 3450; x_wconf 92' lang='lat'><strong>,</strong></span> <span class='ocrx_word' id='word_1_126' title='bbox 921 3383 1019 3452; x_wconf 76' lang='lat' dir='ltr'><strong>cives,</strong></span> 
     </span>
     <span class='ocr_line' id='line_1_21' title="bbox 210 3480 957 3555; baseline 0.008 -22"><span class='ocrx_word' id='word_1_127' title='bbox 210 3480 269 3555; x_wconf 80' lang='lat' dir='ltr'><strong>Qui</strong></span> <span class='ocrx_word' id='word_1_128' title='bbox 289 3481 399 3546; x_wconf 82' lang='lat' dir='ltr'><strong>iuerat,</strong></span> <span class='ocrx_word' id='word_1_129' title='bbox 426 3490 495 3548; x_wconf 89' lang='lat' dir='ltr'><strong>post</strong></span> <span class='ocrx_word' id='word_1_130' title='bbox 518 3489 562 3534; x_wconf 87' lang='lat' dir='ltr'><strong>tot</strong></span> <span class='ocrx_word' id='word_1_131' title='bbox 580 3486 687 3538; x_wconf 78' lang='lat' dir='ltr'><strong>saecula</strong></span> <span class='ocrx_word' id='word_1_132' title='bbox 707 3494 796 3538; x_wconf 85' lang='lat' dir='ltr'><strong>notus</strong></span> <span class='ocrx_word' id='word_1_133' title='bbox 819 3485 957 3539; x_wconf 86' lang='lat' dir='ltr'><strong>adhuc?&#39;</strong></span> 
     </span>
    </p>

    <p class='ocr_par' dir='ltr' id='par_1_13' title="bbox 142 3579 970 3749">
     <span class='ocr_line' id='line_1_22' title="bbox 142 3579 970 3653; baseline 0.002 -17"><span class='ocrx_word' id='word_1_134' title='bbox 142 3580 237 3636; x_wconf 86' lang='lat' dir='ltr'><strong>Tanta</strong></span> <span class='ocrx_word' id='word_1_135' title='bbox 254 3591 354 3634; x_wconf 86' lang='lat' dir='ltr'><strong>atavos</strong></span> <span class='ocrx_word' id='word_1_136' title='bbox 374 3579 505 3645; x_wconf 78' lang='lat' dir='ltr'><strong>iecisse,</strong></span> <span class='ocrx_word' id='word_1_137' title='bbox 524 3597 621 3651; x_wconf 86' lang='lat' dir='ltr'><strong>neque</strong></span> <span class='ocrx_word' id='word_1_138' title='bbox 639 3584 667 3635; x_wconf 84' lang='lat' dir='ltr'><strong>id</strong></span> <span class='ocrx_word' id='word_1_139' title='bbox 688 3584 806 3637; x_wconf 87' lang='lat' dir='ltr'><strong>nescire</strong></span> <span class='ocrx_word' id='word_1_140' title='bbox 825 3596 970 3653; x_wconf 85' lang='lat' dir='ltr'><strong>nepotes,</strong></span> 
     </span>
     <span class='ocr_line' id='line_1_23' title="bbox 208 3678 895 3749; baseline 0.004 -16"><span class='ocrx_word' id='word_1_141' title='bbox 208 3678 390 3748; x_wconf 82' lang='lat' dir='ltr'><strong>Exemplum</strong></span> <span class='ocrx_word' id='word_1_142' title='bbox 406 3681 472 3732; x_wconf 80' lang='lat' dir='ltr'><strong>vitae</strong></span> <span class='ocrx_word' id='word_1_143' title='bbox 491 3694 553 3732; x_wconf 91' lang='lat' dir='ltr'><strong>non</strong></span> <span class='ocrx_word' id='word_1_144' title='bbox 573 3696 682 3749; x_wconf 85' lang='lat' dir='ltr'><strong>capere</strong></span> <span class='ocrx_word' id='word_1_145' title='bbox 700 3681 767 3733; x_wconf 85' lang='lat' dir='ltr'><strong>inde</strong></span> <span class='ocrx_word' id='word_1_146' title='bbox 787 3690 895 3736; x_wconf 80' lang='lat' dir='ltr'><strong>tamen.</strong></span> 
     </span>
    </p>

    <p class='ocr_par' dir='ltr' id='par_1_14' title="bbox 141 3777 990 3951">
     <span class='ocr_line' id='line_1_24' title="bbox 141 3777 962 3849; baseline -0.002 -15"><span class='ocrx_word' id='word_1_147' title='bbox 141 3779 224 3834; x_wconf 86' lang='lat' dir='ltr'><strong>Eooe</strong></span> <span class='ocrx_word' id='word_1_148' title='bbox 245 3779 320 3845; x_wconf 86' lang='lat' dir='ltr'><strong>ruit,</strong></span> <span class='ocrx_word' id='word_1_149' title='bbox 342 3779 479 3849; x_wconf 81' lang='lat' dir='ltr'><strong>victaque</strong></span> <span class='ocrx_word' id='word_1_150' title='bbox 499 3777 585 3844; x_wconf 72' lang='lat' dir='ltr'><strong>Asin,</strong></span> <span class='ocrx_word' id='word_1_151' title='bbox 609 3781 806 3849; x_wconf 80' lang='lat' dir='ltr'><strong>Aegyptoque</strong></span> <span class='ocrx_word' id='word_1_152' title='bbox 824 3778 962 3845; x_wconf 82' lang='lat' dir='ltr'><strong>subacta,</strong></span> 
     </span>
     <span class='ocr_line' id='line_1_25' title="bbox 209 3877 990 3951; baseline -0.006 -15"><span class='ocrx_word' id='word_1_153' title='bbox 209 3879 300 3951; x_wconf 83' lang='lat' dir='ltr'><strong>Quod</strong></span> <span class='ocrx_word' id='word_1_154' title='bbox 321 3888 475 3948; x_wconf 81' lang='lat' dir='ltr'><strong>superest,</strong></span> <span class='ocrx_word' id='word_1_155' title='bbox 495 3878 523 3930; x_wconf 89' lang='lat' dir='ltr'><strong>in</strong></span> <span class='ocrx_word' id='word_1_156' title='bbox 542 3893 599 3932; x_wconf 88' lang='lat' dir='ltr'><strong>nos</strong></span> <span class='ocrx_word' id='word_1_157' title='bbox 617 3879 730 3946; x_wconf 81' lang='lat' dir='ltr'><strong>agmina</strong></span> <span class='ocrx_word' id='word_1_158' title='bbox 749 3877 852 3930; x_wconf 79' lang='lat' dir='ltr'><strong>Turcn</strong></span> <span class='ocrx_word' id='word_1_159' title='bbox 868 3886 990 3945; x_wconf 85' lang='lat' dir='ltr'><strong>movet,</strong></span> 
     </span>
    </p>

    <p class='ocr_par' dir='ltr' id='par_1_15' title="bbox 142 3976 1007 4146">
     <span class='ocr_line' id='line_1_26' title="bbox 142 3976 1007 4050; baseline -0.001 -18"><span class='ocrx_word' id='word_1_160' title='bbox 142 3977 355 4050; x_wconf 87' lang='lat' dir='ltr'><strong>Bellorumque</strong></span> <span class='ocrx_word' id='word_1_161' title='bbox 377 3993 481 4032; x_wconf 85' lang='lat' dir='ltr'><strong>omnes</strong></span> <span class='ocrx_word' id='word_1_162' title='bbox 501 3991 607 4042; x_wconf 87' lang='lat' dir='ltr'><strong>curas,</strong></span> <span class='ocrx_word' id='word_1_163' title='bbox 631 3977 803 4047; x_wconf 87' lang='lat' dir='ltr'><strong>molemque</strong></span> <span class='ocrx_word' id='word_1_164' title='bbox 826 3976 1007 4046; x_wconf 82' lang='lat' dir='ltr'><strong>superbam,</strong></span> 
     </span>
     <span class='ocr_line' id='line_1_27' title="bbox 209 4075 824 4146; baseline -0.002 -17"><span class='ocrx_word' id='word_1_165' title='bbox 209 4076 243 4130; x_wconf 90' lang='lat' dir='ltr'><strong>In</strong></span> <span class='ocrx_word' id='word_1_166' title='bbox 257 4077 387 4146; x_wconf 85' lang='lat' dir='ltr'><strong>populos</strong></span> <span class='ocrx_word' id='word_1_167' title='bbox 408 4076 506 4130; x_wconf 87' lang='lat' dir='ltr'><strong>Rheni</strong></span> <span class='ocrx_word' id='word_1_168' title='bbox 525 4075 716 4146; x_wconf 85' lang='lat' dir='ltr'><strong>Danubiique</strong></span> <span class='ocrx_word' id='word_1_169' title='bbox 735 4075 824 4134; x_wconf 80' lang='lat' dir='ltr'><strong>vehit.</strong></span> 
     </span>
    </p>
   </div>
   <div class='ocr_carea' id='block_1_4' title="bbox 143 4221 333 4243">
    <p class='ocr_par' dir='ltr' id='par_1_16' title="bbox 143 4221 333 4243">
     <span class='ocr_line' id='line_1_28' title="bbox 143 4221 333 4243; baseline -0.005 0"><span class='ocrx_word' id='word_1_170' title='bbox 143 4221 333 4243; x_wconf 55' lang='lat' dir='ltr'><strong>&amp;nnn—aan-</strong></span> 
     </span>
    </p>
   </div>
   <div class='ocr_carea' id='block_1_5' title="bbox 172 4307 1155 4459">
    <p class='ocr_par' dir='ltr' id='par_1_17' title="bbox 172 4307 1155 4459">
     <span class='ocr_line' id='line_1_29' title="bbox 172 4307 1155 4378; baseline 0.003 -13"><span class='ocrx_word' id='word_1_171' title='bbox 172 4315 198 4365; x_wconf 76' lang='lat'><strong>⁶)</strong></span> <span class='ocrx_word' id='word_1_172' title='bbox 215 4319 313 4365; x_wconf 80' lang='lat' dir='ltr'><strong>Carmen</strong></span> <span class='ocrx_word' id='word_1_173' title='bbox 331 4317 405 4364; x_wconf 78' lang='lat' dir='ltr'><strong>hocce</strong></span> <span class='ocrx_word' id='word_1_174' title='bbox 425 4314 529 4364; x_wconf 83' lang='lat' dir='ltr'><strong>orationi</strong></span> <span class='ocrx_word' id='word_1_175' title='bbox 545 4316 576 4364; x_wconf 73' lang='lat' dir='ltr'><strong>ad</strong></span> <span class='ocrx_word' id='word_1_176' title='bbox 591 4307 714 4374; x_wconf 74' lang='lat' dir='ltr'><strong>Principes</strong></span> <span class='ocrx_word' id='word_1_177' title='bbox 734 4318 883 4378; x_wconf 66' lang='lat' dir='ltr'><strong>Germania,</strong></span> <span class='ocrx_word' id='word_1_178' title='bbox 914 4320 942 4366; x_wconf 76' lang='lat' dir='ltr'><strong>tt</strong></span> <span class='ocrx_word' id='word_1_179' title='bbox 968 4319 1055 4367; x_wconf 79' lang='lat' dir='ltr'><strong>bellun</strong></span> <span class='ocrx_word' id='word_1_180' title='bbox 1072 4317 1155 4368; x_wconf 77' lang='lat' dir='ltr'><strong>Tueris</strong></span> 
     </span>
     <span class='ocr_line' id='line_1_30' title="bbox 206 4400 521 4459; baseline 0.01 -13"><span class='ocrx_word' id='word_1_181' title='bbox 206 4401 337 4459; x_wconf 71' lang='lat' dir='ltr'><strong>herebant,</strong></span> <span class='ocrx_word' id='word_1_182' title='bbox 355 4400 458 4447; x_wconf 64' lang='lat' dir='ltr'><strong>:iditum</strong></span> <span class='ocrx_word' id='word_1_183' title='bbox 475 4405 521 4449; x_wconf 75' lang='lat' dir='ltr'><strong>ut</strong></span> 
     </span>
    </p>
   </div>
   <div class='ocr_carea' id='block_1_6' title="bbox 0 0 1323 5108">
    <p class='ocr_par' dir='ltr' id='par_1_18' title="bbox 0 0 1323 5108">
     <span class='ocr_line' id='line_1_31' title="bbox 0 0 1323 5108; baseline 0 0"><span class='ocrx_word' id='word_1_184' title='bbox 0 0 1323 5108; x_wconf 95' lang='lat' dir='ltr'><strong> </strong></span> 
     </span>
    </p>
   </div>
  </div>
 </body>
</html>
