2624 5108
199 879 273 959 494
581 866 842 947 momento

150 1068 168 1099 ⁸
197 1092 235 1137 ac
258 1072 401 1135 homines
426 1074 633 1131 mutarentur.
673 1062 737 1129 Cui
763 1064 812 1127 rei
837 1062 1033 1127 documento
1060 1082 1129 1125 esse
1147 1084 1225 1144 pos·

197 1183 286 1247 sunt,
313 1168 438 1233 linitimi
462 1166 598 1230 maxime
621 1164 733 1227 nostri.
773 1162 812 1227 ln
830 1162 1014 1227 Parmonias
1034 1163 1225 1226 transierunt

198 1271 309 1335 Hunni
341 1276 373 1330 et
399 1269 530 1347 Scythae.
570 1265 608 1327 ln
635 1262 816 1327 Sannatiam
844 1262 953 1326 Getbre
982 1272 1014 1325 et
1042 1262 1131 1326 Daci.
1172 1266 1226 1327 Ex

197 1371 314 1435 nostris
335 1388 432 1443 roro,
453 1378 488 1431 ut
508 1386 612 1441 nunc,
632 1366 794 1428 bominum
807 1363 883 1426 olim
896 1363 1114 1439 multitudine,
1134 1374 1228 1427 terrae

197 1469 435 1536 foecunditatem
454 1476 640 1546 superante,
673 1464 891 1547 migraverunt
912 1464 1009 1547 aliqui
1035 1465 1068 1527 in
1087 1466 1228 1543 Gallias,

196 1584 230 1637 et
258 1570 349 1635 multi
379 1589 416 1631 ac
442 1587 524 1649 saepe
543 1566 779 1649 migraverunt,
809 1565 859 1628 atii
881 1564 1093 1628 obtinuerunt
1111 1568 1229 1649 Hispa·

197 1662 322 1737 niaium
356 1679 488 1751 partem.
545 1665 751 1749 Langobardi
777 1676 922 1729 nostrum
949 1677 982 1729 et
1011 1666 1073 1748 ipsi
1102 1688 1227 1751 geraus,

198 1794 266 1838 non
291 1772 459 1853 pessimam
484 1768 577 1830 ltaliae
596 1766 797 1846 portionem,
827 1766 924 1849 pulsis
951 1766 1007 1850 qui
1026 1766 1228 1845 incolebant,

199 1872 399 1938 habitandam
429 1878 630 1951 acceperunt.
681 1867 826 1929 Saxones
853 1878 885 1930 et
910 1869 997 1931 Scoti
1022 1869 1228 1931 Britarmiam.

201 1969 385 2043 Vindelici,
415 1968 563 2031 Saeviet
583 1966 711 2040 Norici,
743 1968 896 2051 quicquid
914 1965 1004 2049 juxta
1023 1970 1165 2033 Athesim
1186 1972 1228 2031 ad

199 2071 390 2135 'l'ridcuturn
418 2088 521 2151 usque
549 2078 606 2131 est.
663 2068 833 2151 iidemque
861 2070 893 2145 ζ’)
929 2067 1082 2147 majorem
1109 2070 1229 2151 lllyrici

199 2183 337 2256 partem,
368 2179 400 2230 et
427 2168 560 2251 qinein
587 2169 647 2231 illis
672 2168 807 2250 Alpibus
832 2164 928 2233 incoli
947 2180 1115 2251 poterant.
1140 2170 1229 2233 Prac-

198 2284 286 2335 terea
312 2271 346 2333 in
369 2269 489 2331 ltaliam
515 2268 708 2331 transierunt
728 2267 830 2331 Graeci
855 2280 888 2333 et
906 2270 1004 2346 Galli,
1034 2290 1229 2355 rursumque

201 2373 236 2435 in
257 2370 410 2433 Graeciam
431 2369 522 2431 Galli.
561 2370 599 2432 ln
624 2369 840 2449 septentrione
858 2390 956 2444 sero,
989 2382 1141 2454 quantum
1161 2384 1227 2434 ter·

199 2494 306 2536 terrun
335 2471 369 2532 in
395 2468 495 2550 ipsam
519 2491 623 2553 usque
653 2470 808 2548 Scythiam
840 2470 932 2531 nobis
957 2472 1109 2545 accrevit,
1141 2493 1180 2533 ac
1206 2494 1227 2536 a

200 2571 320 2637 nostris
341 2570 489 2632 incolitur
515 2569 722 2632 horninibus?
760 2573 841 2633 'l'am
867 2573 954 2633 sarie
982 2574 1014 2635 in
1040 2573 1227 2656 propinquo

200 2671 393 2737 mutantibus
417 2690 451 2731 sc
477 2672 592 2748 rebus,
623 2692 686 2733 una
712 2673 777 2734 brec
801 2671 904 2748 aratio,
938 2674 1039 2756 qualis
1067 2674 1106 2734 ab
1131 2672 1227 2735 initio

200 2776 277 2850 luit,
313 2772 354 2833 ita
383 2773 513 2847 mansit,
547 2783 582 2834 ut
607 2772 703 2835 hodie
730 2772 855 2836 ultimus
875 2772 1011 2856 qrrisqnc
1031 2775 1070 2835 ad
1090 2774 1229 2855 primum

201 2876 339 2958 aliquem
370 2870 492 2934 referre
523 2873 623 2954 possit
648 2894 754 2948 stram,
789 2874 816 2937 si
835 2875 910 2936 velit
929 2873 1095 2956 originem.
1137 2878 1229 2937 Narn-

201 2997 296 3059 quam
330 2973 414 3035 enim
445 2974 529 3052 apud
564 2994 623 3034 nos
654 2975 866 3036 consederunt
892 2974 1023 3037 exteris
1050 2976 1225 3059 Nunquam

201 3073 334 3154 alicujus
362 3072 496 3135 nationis
522 3074 583 3135 huc
604 3094 638 3135 se
663 3074 774 3135 minuit
799 3074 1008 3154 superfluitas.
1047 3075 1171 3137 Verum
1191 3088 1230 3138 ut

202 3173 416 3249 obtinuimus,
458 3192 499 3236 nc
539 3173 611 3256 quis
649 3174 741 3236 nobis
776 3184 927 3238 externus
956 3174 1145 3257 imperaret,
1183 3176 1230 3238 ita

202 3276 320 3339 factuam
335 3321 344 3349 ,
362 3296 402 3335 nc
426 3296 489 3357 apra
508 3273 634 3335 aliunde
652 3272 765 3355 jactata
785 3296 883 3355 gens,
914 3272 965 3337 bic
984 3276 1076 3337 sedes
1093 3278 1229 3357 figeret,

202 3377 253 3439 bic
273 3376 465 3437 domicilium
490 3377 618 3437 locaret.
656 3375 749 3435 Adeo
778 3385 813 3435 ut
832 3395 963 3454 perraro
983 3374 1076 3438 etiam
1096 3388 1232 3440 externa

203 3474 262 3537 sibi
288 3474 446 3536 connubia
472 3470 608 3552 majores
635 3474 750 3549 vestri,
787 3474 970 3555 Principes,
1008 3496 1074 3559 quo
1104 3496 1146 3539 ne
1176 3477 1233 3543 illa

205 3574 370 3635 vitiaretur
400 3571 604 3652 germanitas,
633 3574 824 3638 admiserint.
870 3579 948 3658 Quae
968 3592 1041 3639 cum
1061 3578 1232 3659 proposita

204 3674 297 3736 vobis
324 3672 480 3749 babeatis,
519 3693 648 3754 operam
677 3696 743 3737 rron
773 3676 904 3751 dabitis,
945 3690 982 3740 ut
1011 3676 1068 3761 qui
1096 3676 1180 3739 hanc
1198 3700 1232 3747 ,a

204 3796 311 3840 rerum
341 3774 516 3856 primordio
541 3774 800 3855 conjunctionem
824 3777 858 3839 in
884 3780 946 3840 boc
970 3798 1074 3861 usqne
1099 3788 1228 3859 tempus

204 3875 399 3951 ‹lcduxistis,
438 3897 562 3957 semper
598 3876 702 3949 eires,
745 3898 870 3959 semper
900 3881 1087 3959 populares,
1130 3878 1229 3943 immo

205 4000 331 4059 serrrpcr
356 3979 499 4059 cognati,
530 3998 654 4057 semper
679 3978 812 4055 iratres,
844 3978 1022 4041 domestice
1047 3982 1230 4044 concordiae

208 4074 374 4161 praesidio,
404 4080 572 4140 arorrsnlum
591 4078 629 4138 ab
650 4078 768 4141 exteris
786 4078 861 4154 tub',
886 4080 944 4143 sed
963 4078 1035 4141 orbi
1051 4078 1144 4142 etiam
1163 4093 1231 4145 ter·

209 4199 316 4240 rarum
335 4178 567 4251 formidabiles,
588 4176 683 4239 sitis?
712 4181 779 4241 Ant
797 4177 825 4242 si
844 4178 921 4261 quid
940 4182 1071 4243 antebac
1089 4194 1231 4248 erratum

209 4288 270 4351 est,
307 4278 395 4359 quod
420 4277 533 4341 mutari
557 4298 624 4341 non
649 4288 769 4362 potest,
808 4282 1005 4365 compensari
1032 4294 1154 4366 potest,
1192 4306 1232 4349 ac

208 4398 402 4414 -ῌ

244 4481 275 4545 ⁴)
292 4492 439 4553 distentque,
462 4494 527 4543 ron.
