2624 5108
154 862 227 937 364
289 818 296 829 ⁸
386 862 607 938 Intereeesio
633 888 704 962 pro
730 865 948 965 emmone..-

152 1058 317 1131 Interpone
335 1074 476 1127 manum‚
495 1075 583 1114 serva
600 1020 975 1139 lucemqudfflruque,

222 1146 330 1199 Terrae
351 1147 432 1216 ejus,
451 1163 517 1216 quae
536 1156 565 1199 te
584 1146 691 1214 gaudet
705 1144 823 1203 hbet·
839 1158 968 1221 putrem.

151 1228 254 1303 Quid,
275 1233 357 1302 quod
375 1233 576 1300 Hogostrntus
594 1240 700 1286 contre
716 1232 844 1305 penten
861 1234 1082 1311 imperiumque

217 1314 303 1370 Proh
322 1318 437 1371 facinus
458 1317 537 1373 Gaui
557 1317 664 1385 flagitet
680 1318 778 1375 hostie
798 1324 912 1393 opem?

147 1401 269 1471 Flagitnt
286 1402 384 1456 hostis
402 1418 511 1474 opem,
530 1418 587 1456 nos
609 1414 715 1459 contra
734 1420 857 1461 oremus
878 1408 985 1478 amici,

214 1488 397 1558 Dispeream
407 1527 416 1555 ,
435 1487 460 1542 si
480 1488 549 1558 quid
563 1488 675 1556 justius
691 1504 758 1544 esse
775 1503 886 1561 potest.

145 1571 214 1627 Nos
233 1589 356 1626 servare
375 1572 468 1626 decus
487 1573 587 1643 petrin
607 1590 771 1642 conamur,
787 1576 842 1633 hic
866 1578 953 1633 audet

213 1658 248 1713 ln
266 1658 367 1730 patrie
387 1658 487 1712 clades
505 1659 624 1712 hostica
642 1676 733 1728 regnu
752 1661 848 1732 sequi.

143 1742 235 1817 Quod
254 1744 330 1815 petit
345 1744 488 1813 injustum
511 1752 570 1810 eu,
592 1744 663 1814 quid
682 1746 706 1798 si
725 1762 848 1818 quoque
863 1749 944 1817 justa
966 1752 1114 1823 petisset?
1133 1792 1136 1796 -

209 1829 326 1884 Debuit
342 1829 428 1897 haec,
447 1830 500 1883 sed
521 1844 582 1882 non
604 1828 708 1883 debuit
726 1832 756 1884 in
775 1835 912 1903 petriam.

138 1915 277 1982 Desere,
301 1916 325 1968 si
345 1914 506 1986 quicquam
525 1914 635 1973 meruit
653 1916 751 1985 male,
768 1919 895 1988 desere,
914 1938 971 1992 pro
990 1940 1052 1995 quo

206 2001 299 2055 Nunc
318 2018 394 2070 ego,
414 1999 568 2053 contendit
586 2016 660 2069 gens
680 2001 842 2057 Alamannis
860 2006 956 2075 prius.

135 2086 176 2144 Et
195 2104 252 2159 pro
272 2101 332 2157 quo
353 2084 450 2139 oravit
468 2085 557 2139 toties
577 2084 862 2156 monstrumne,

205 2173 295 2226 Sume
318 2187 422 2237 meas,
441 2169 562 2241 patrias,
582 2171 795 2242 Caesnrensque
816 2190 935 2243 preces.

134 2257 247 2312 Contra
260 2257 330 2324 jura
350 2264 449 2310 metus
468 2252 541 2309 nihil
563 2263 625 2321 est,
646 2253 753 2323 injuste
771 2256 935 2329 timemus,

201 2342 329 2412 Vimque
350 2342 448 2408 hanc,
469 2350 497 2393 et
515 2356 581 2411 qun
604 2356 662 2392 nos
681 2342 810 2395 contrait
828 2343 870 2396 ira
891 2357 1009 2416 potens.

129 2426 246 2482 Miscet
266 2429 467 2494 tingostrntus
488 2427 532 2478 fas
551 2442 643 2478 omne
661 2429 808 2498 nefasque
826 2444 1014 2499 pererrem,

198 2511 338 2581 Remque
358 2512 432 2564 adeo
452 2509 528 2578 gerit
550 2509 630 2564 hunc
647 2511 804 2579 largitione
822 2517 930 2583 putam.

94 2608 100 2629 ¹
127 2595 177 2652 Ne
196 2607 286 2668 queat
305 2597 438 2649 insontes
464 2594 582 2648 inimica
603 2597 734 2667 potentia
754 2614 876 2667 morse,

197 2681 358 2748 Obruere,
379 2687 408 2733 et
427 2696 525 2734 vacuo
546 2679 657 2735 frastdis·
680 2682 792 2735 obesse
813 2684 892 2738 viro.

125 2764 187 2822 Per
208 2776 236 2820 te
256 2767 325 2820 istas
345 2780 469 2820 oramus
487 2782 578 2836 opes,
601 2781 657 2835 per
675 2766 825 2822 Caesarem
844 2770 999 2839 amicum,

193 2850 232 2905 Et
250 2868 305 2922 per
326 2852 455 2904 fortunae
475 2850 628 2922 splendida
647 2849 725 2904 donn
744 2860 811 2906 tuse.

123 2932 187 2993 Per
204 2936 317 3002 decus,
337 2943 367 2988 et
384 2946 494 2990 sanctae
515 2933 676 3004 revigentia
698 2936 807 2990 moenia
827 2936 952 3008 Romu,

192 3019 295 3075 Persi
316 3019 386 3090 quid
405 3021 504 3075 Roma
523 3020 656 3075 sanctius
676 3036 742 3074 esse
761 3030 883 3091 pote-st,

121 3105 245 3176 Perque
265 3115 346 3159 tuum
357 3146 366 3174 ,
390 3120 480 3178 quam
499 3123 560 3161 non
579 3105 676 3158 nescit
695 3105 876 3176 Germania,
895 3110 1032 3183 leudem,

191 3190 253 3247 Per
271 3190 354 3263 quod
371 3200 399 3244 tc
418 3200 532 3245 tannim
549 3189 676 3263 protulit
694 3189 865 3261 ingenium,

120 3275 253 3331 Insontis
271 3276 419 3332 miserere
438 3274 545 3341 animi,
562 3275 711 3329 miserere
728 3284 870 3346 tuorum,

189 3362 240 3417 Ne
257 3361 357 3416 minus
374 3360 447 3415 hinc
468 3359 626 3430 quisquam
645 3361 768 3428 gaudent
791 3374 955 3422 essemus.

119 3445 216 3500 Unius
238 3461 361 3500 oramus
379 3442 487 3509 ritum,
506 3444 655 3514 uniusque
675 3446 822 3515 salutern,

188 3530 246 3582 Sed
265 3529 313 3582 cui
331 3528 496 3581 multorum
515 3528 609 3583 mixte
627 3529 740 3598 pericla
758 3531 854 3586 vides.

118 3615 180 3668 Aut
196 3611 298 3666 multis
318 3614 392 3680 erit,
412 3622 517 3683 erepto
536 3614 711 3684 Cupnione,
730 3617 918 3688 triumphus,

187 3699 247 3751 Aut
264 3699 346 3753 victo
367 3698 396 3751 in
413 3697 526 3752 multos
546 3698 662 3767 ingruet
682 3699 731 3753 iue
752 3701 852 3757 dolor.

117 3780 264 3857 Quisquis
286 3783 323 3837 nb
343 3782 462 3852 ingenio
482 3782 630 3837 ricuinum
650 3800 786 3854 quarere
806 3788 939 3855 fumum,

186 3870 245 3922 Aut
268 3869 378 3940 aliquid
398 3868 509 3923 studuit
527 3867 621 3922 lundis
640 3868 678 3922 eb
697 3880 758 3923 erte
777 3871 867 3924 brion.

112 3951 155 4009 Et
174 3954 198 4008 si
217 3954 284 4027 quis
303 3964 387 4008 recte
406 3953 526 4020 didicit,
546 3953 628 4023 quod
647 3953 762 4007 discere
782 3968 898 4009 rectum
917 3968 982 4024 est,

184 4038 224 4092 Et
241 4041 266 4093 si
286 4057 374 4111 quem
395 4054 485 4091 sensu
504 4054 568 4091 non
581 4036 668 4105 juvat
686 4055 753 4093 esse
772 4040 849 4094 rudi.

63 4126 70 4143 '
113 4123 210 4191 (Nam
229 4142 327 4197 neque
342 4124 446 4193 judice
464 4138 530 4189 me,
550 4124 689 4195 eriperest
708 4122 778 4193 quid
796 4124 896 4177 mitius
917 4125 994 4194 tui)

181 4213 241 4265 Aut
262 4209 370 4277 stabit,
390 4212 476 4279 lapso
496 4216 544 4260 aut
563 4222 633 4261 curu
656 4207 810 4278 Cnpuione
831 4210 927 4263 cadet.
