2624 5108
532 854 795 929 Consolatorin.
1121 863 1170 936 45

154 1047 316 1114 bonrimm
331 1048 373 1110 de
389 1069 424 1111 se
442 1046 577 1127 optima,
600 1068 670 1129 que
686 1066 744 1127 per
755 1044 913 1111 Christum
927 1050 958 1122 ὕ)
973 1053 1169 1135 munripro.

151 1169 266 1234 gressu
281 1149 429 1229 temporis
446 1146 569 1227 potuit,
586 1167 672 1209 nnnc
688 1159 720 1209 et
736 1149 828 1227 plena
839 1159 872 1210 et
886 1147 986 1213 solida
998 1167 1170 1233 permanet.

150 1250 251 1334 Quod
270 1248 297 1312 si
315 1269 357 1312 ex
374 1260 430 1311 tuo
449 1259 527 1317 voto
544 1246 627 1311 niori
646 1246 822 1324 debuisset,
843 1270 950 1313 nonne
969 1251 1031 1315 hoe
1049 1265 1170 1318 tantum

150 1361 311 1430 optasses,
350 1359 387 1411 ut
416 1347 551 1431 aliquem
578 1347 743 1426 probitatis
775 1368 811 1410 ae
829 1347 1025 1413 innocentiae
1042 1351 1169 1419 'tonan

150 1459 224 1532 post
247 1469 282 1513 se
305 1446 525 1531 relinqueret?
562 1451 605 1511 At
624 1448 696 1531 quis
714 1451 768 1512 ‚vel
786 1461 894 1514 nostra
916 1452 1084 1528 memoris,
1117 1454 1169 1515 rel

149 1561 274 1632 prum
291 1547 464 1623 relatione,
481 1546 524 1608 ite
542 1557 685 1610 mortuus
705 1559 775 1626 est,
796 1561 832 1611 ut
852 1549 921 1630 ejus
943 1551 1039 1615 vitam
1058 1572 1167 1617 ornnes

148 1650 335 1725 laudarent,
372 1657 514 1711 morten-
530 1666 628 1723 vero,
665 1647 756 1731 quan
786 1669 984 1715 commsmern
1011 1653 1169 1736 quandam

148 1750 351 1815 soerbitstern
376 1750 464 1813 luctu
490 1768 527 1809 so
552 1768 687 1811 moerore
710 1751 1006 1833 prosequerentur?
1043 1754 1118 1815 Non
1135 1752 1169 1817 hi

147 1854 238 1928 dieo,
256 1850 365 1936 quiin
381 1848 514 1924 Suevis,
533 1848 662 1913 Francis
682 1859 736 1911 aut
753 1846 867 1913 vicinis
884 1848 974 1932 juxta
990 1854 1068 1915 loeis
1085 1864 1168 1930 sunt,

84 1984 91 1997 ·
149 1973 259 2019 ornnes
285 1952 359 2015 dieo
387 1946 560 2025 numni,
595 1947 858 2032 significationem
883 1972 946 2013 sue
976 1973 1053 2036 erga
1079 1965 1169 2017 tuum

149 2053 249 2119 tilium
278 2050 470 2126 voluntstis,
500 2060 533 2109 et
561 2048 638 2113 vivo
666 2048 744 2125 illo,
779 2058 812 2112 et
842 2063 968 2115 moroso
1000 2053 1168 2117 dederunt.

147 2155 219 2220 lm
234 2151 364 2236 longius
383 2170 516 2235 quoqne
534 2149 718 2229 penetrabat
737 2149 808 2232 ejus
823 2151 924 2229 larue,
951 2154 1007 2217 sed
1025 2155 1169 2219 nondum

148 2264 253 2318 renus
270 2263 353 2327 eret,
373 2260 543 2333 antequam
560 2248 608 2313 sie
625 2260 812 2315 moreretur.
850 2254 902 2314 Ex
921 2265 1023 2317 morto
1041 2252 1165 2327 enituit,

154 2352 248 2435 eujus
272 2354 360 2417 illum
382 2351 507 2415 novitas
534 2350 766 2434 inextinguibili
789 2352 980 2416 claritudinis
1000 2353 1168 2433 splendore

153 2453 273 2516 evexit.
309 2452 390 2515 lllnd
405 2451 514 2535 itaque
532 2450 624 2520 nete
643 2450 702 2515 ribi
719 2453 881 2527 concedo,
908 2452 1041 2534 dignum
1058 2452 1166 2552 tuisse,

152 2554 209 2641 qui
232 2564 265 2616 et
291 2552 413 2615 vireret
439 2552 557 2615 diutius
583 2564 616 2613 et
636 2550 738 2614 levius
762 2562 958 2627 moreretur,
984 2553 1047 2614 hoe
1070 2575 1166 2636 nego,

149 2654 352 2721 illustriorem
374 2653 504 2728 lamam,
534 2653 588 2715 vel
612 2651 713 2715 levius
739 2651 924 2726 moriendo,
960 2653 1012 2715 vel
1040 2653 1166 2736 longius

150 2756 290 2818 vivendo
316 2753 460 2836 ponrisse
484 2751 669 2835 consequi·
696 2752 867 2836 Utcunque
895 2763 1000 2816 tameo
1023 2753 1164 2830 estimas,

148 2874 282 2919 neeesse
307 2865 376 2930 est,
414 2874 453 2917 ea
477 2875 548 2936 quo
576 2852 779 2930 ceciderunt,
816 2854 902 2917 ferre
932 2872 1024 2936 equo
1051 2853 1171 2925 animo,

147 2958 229 3021 Nam
244 2954 301 3038 qui
317 2955 437 3018 liberos
456 2965 619 3034 procreat,
637 2955 722 3016 buno
735 2953 860 3017 illorum
873 2973 1005 3037 quoque
1022 2975 1113 3018 easus
1129 2975 1166 3017 ao

150 3057 295 3120 fortino
307 3065 450 3138 spectare
465 3053 624 3116 convenit.
660 3054 746 3117 llare
758 3062 816 3117 tuo
832 3053 899 3116 filio
917 3052 1013 3116 vitam
1024 3054 1165 3133 potuisti,

147 3156 221 3219 vita
237 3154 405 3220 terminum
430 3164 568 3217 statuere
591 3173 659 3215 non
683 3152 826 3234 potuisti.
862 3154 969 3233 Quare
987 3156 1068 3217 liano
1086 3157 1165 3217 cale·

146 3255 287 3319 mirarer
311 3274 406 3339 qinom
425 3273 538 3328 voeas,
571 3272 638 3315 nou
655 3253 715 3316 elia
732 3253 854 3315 ratione
872 3252 1039 3329 evitasses,
1070 3274 1165 3337 quern

145 3358 261 3420 sinon
279 3354 445 3435 genrdsses
462 3353 570 3417 lilium.
608 3355 652 3418 At
670 3353 804 3436 gignere
823 3352 880 3436 qui
897 3352 1046 3428 voluisti,
1072 3350 1164 3432 eujus

143 3468 281 3521 nortem
305 3453 393 3517 ferre
417 3453 540 3517 nolles?
577 3453 628 3517 An
646 3450 749 3515 minus
768 3475 810 3517 ex
829 3465 939 3517 natrrra
957 3464 1004 3517 est
1023 3453 1164 3528 interire,

146 3577 242 3640 quarn
268 3553 384 3618 nesci?
431 3551 540 3616 Credo
567 3554 672 3616 melles
699 3573 766 3615 non
796 3554 964 3636 genu'use,
1000 3574 1094 3637 quam
1119 3551 1165 3616 sio

148 3654 285 3718 annum
293 3654 416 3719 dolere.
453 3655 497 3718 At
514 3652 595 3717 illem
609 3653 786 3732 praeclaram
802 3655 926 3717 landem
945 3674 1012 3716 non
1025 3656 1160 3729 tulisses,

144 3755 182 3818 in
201 3776 265 3839 que
288 3755 387 3831 vixit,
421 3753 505 3816 illam
529 3751 806 3831 incomparabilem
827 3753 1015 3817 innocentio
1039 3753 1164 3830 lamam,

142 3855 177 3921 in
196 3878 262 3941 qur
278 3867 424 3921 mortuus
444 3865 502 3918 est.
541 3849 643 3932 Cujus
662 3851 828 3935 utriusque
852 3852 947 3929 boni,
970 3864 1089 3917 unnim
1106 3853 1164 3917 tibi

141 3958 276 4040 subque
288 3955 437 4021 omnbus
447 3951 593 4038 reliquit,
614 3962 764 4035 quantum
779 3950 848 4031 ipse
860 3972 973 4033 rapere
985 3954 1034 4030 nn)
1049 3953 1164 4031 potuit.

141 4056 275 4123 Etenim
296 4057 349 4121 itte
365 4054 500 4131 interiit,
520 4052 636 4136 gloria,
655 4050 756 4128 lama,
782 4051 896 4127 virttis,
924 4052 1015 4134 quod
1036 4051 1164 4115 immor·

141 4159 219 4223 talia
242 4169 336 4235 sant,
372 4176 439 4219 non
468 4155 560 4219 simul
590 4153 787 4217 interienrnt.
830 4151 915 4240 lpse-
933 4153 978 4215 sio
1008 4163 1163 4229 mortuus,
1259 4200 1265 4213 ,

141 4278 270 4325 novum
290 4260 467 4339 exemplum
483 4255 670 4320 imroeentise
686 4274 755 4319 esse
779 4254 909 4330 meruit,
935 4254 1017 4318 adeo
1038 4263 1073 4316 ut
1090 4250 1164 4331 sint,

144 4402 342 4422 ψ

180 4489 213 4560 ⁸)
226 4512 276 4556 prr
295 4499 438 4559 Christum,
455 4509 499 4557 per
516 4498 648 4547 Herculeus.
685 4488 735 4559 ¹⁴⁴)
753 4480 805 4551 tire
823 4509 927 4555 rapere,
944 4495 995 4555 lpse
1012 4491 1104 4541 mereti.
