2624 5108
232 837 305 919 496
608 835 869 913 Exhortatoru

178 1042 193 1071 ⁸
232 1028 289 1105 tit,
324 1028 460 1093 &sistite
491 1030 617 1095 tardem
645 1028 782 1094 invicem
809 1051 871 1095 vos
899 1025 1065 1094 collidere.
1104 1028 1258 1095 Desinite

232 1124 322 1195 nihil
350 1130 607 1195 contentionibus
642 1132 843 1195 Germaniam
871 1130 1017 1213 pudere.
1067 1132 1173 1215 Atque
1200 1131 1257 1195 bie

233 1230 296 1295 niti
314 1250 365 1294 nc
384 1230 519 1307 auditis,
548 1251 609 1293 vos
633 1232 781 1315 inquam,
812 1231 953 1316 quibaec
971 1232 1091 1309 facitis,
1121 1232 1256 1297 nisime

233 1331 365 1407 cuditis,
384 1351 501 1394 vereor
520 1352 561 1394 ne
579 1330 698 1416 aliquid
716 1352 751 1397 se
769 1331 934 1415 indignum
951 1333 1059 1396 videat
1075 1335 1142 1397 bec
1157 1332 1261 1396 undo.

232 1432 298 1497 sed
324 1432 431 1496 audite
462 1452 590 1518 quaeso,
626 1454 663 1495 ec
686 1433 721 1495 in
746 1435 829 1497 riam
855 1435 967 1498 redite.
1021 1436 1063 1496 Et
1090 1433 1153 1496 nisi
1178 1454 1263 1496 mox

234 1532 342 1598 omnia
376 1532 543 1595 vobiscum
582 1553 678 1595 ruere
711 1535 825 1610 vultis,
868 1534 1037 1617 aliquando
1074 1534 1262 1614 reipublicae

233 1636 345 1698 oculos
365 1654 403 1695 ac
428 1653 538 1696 manus
558 1632 735 1697 admovete.
772 1637 852 1697 Nam
869 1634 926 1696 ubi
945 1635 1054 1718 (quod
1074 1638 1163 1699 Deus
1180 1655 1264 1716 pro·

231 1733 359 1810 tibear)
385 1731 419 1795 iu
436 1733 520 1797 illam
539 1733 629 1815 vulgi
653 1735 864 1798 secessionem
883 1756 935 1796 res
954 1735 1118 1809 inciderit,
1146 1733 1264 1798 discri-

232 1855 307 1899 tuen
327 1854 395 1895 non
413 1833 492 1911 erit,
522 1854 584 1896 nec
607 1835 689 1897 ratio
707 1836 893 1908 habebitur,
924 1848 1076 1917 ‹prarrtum
1096 1835 1263 1918 quisque,

233 1945 288 1998 aut
306 1933 436 1996 omnino
455 1934 527 2018 quis
546 1934 710 2011 nocuerit,
730 1938 783 1998 vel
800 1934 833 1999 in
851 1956 946 2018 quern
963 1934 1160 2015 experienda
1177 1934 1264 1998 ultio

233 2035 287 2100 sit.
336 2033 421 2099 Cum
448 2033 638 2097 nocentibus
668 2034 854 2099 innocentes
880 2046 1041 2118 petentur,
1079 2047 1113 2098 et
1141 2036 1265 2099 nullius

232 2133 494 2210 habitatatione,
525 2154 583 2214 per
609 2134 759 2199 mianum
777 2139 892 2217 passim
908 2138 1064 2201 sevietru.
1101 2136 1140 2198 ld
1168 2135 1266 2220 quod

233 2254 349 2299 cavere
368 2255 427 2297 vos
453 2244 597 2314 oportet,
630 2255 667 2298 ae
695 2236 729 2299 in
756 2239 917 2319 publicum
941 2240 1125 2311 consulere,
1155 2247 1191 2299 et
1220 2236 1267 2300 ad

232 2334 400 2419 ingratiam
415 2334 554 2397 reditum
571 2336 708 2412 hortari,
727 2357 764 2399 ac
782 2337 918 2401 invicem
934 2336 1053 2419 aliquid
1067 2335 1266 2400 concedere.

235 2437 334 2520 Quod
353 2436 380 2498 si
410 2435 492 2497 adeo
517 2454 649 2500 necesse
676 2457 742 2498 non
769 2449 852 2500 essct
871 2437 983 2512 etiam,
1013 2456 1127 2518 magna
1152 2447 1267 2499 tamen

235 2560 308 2602 cum
336 2535 477 2600 omnium
505 2535 655 2612 utilitate,
695 2550 801 2600 vestra
829 2538 922 2600 laude
956 2539 1056 2599 fleret.
1111 2536 1268 2618 Quidni?

237 2638 322 2704 Cum
340 2638 430 2700 uelat
456 2637 512 2712 sit,
541 2659 608 2700 rem
626 2637 778 2717 privatam
797 2637 920 2717 publica
939 2637 1097 2718 potiorem
1119 2638 1267 2713 ducere,

236 2760 273 2806 ac
299 2751 405 2802 vestra
433 2735 562 2800 dissidia
583 2735 764 2818 hujusmodi
788 2738 870 2812 sint,
901 2746 935 2800 ut
961 2738 1133 2800 domestica
1152 2736 1268 2818 eujus·

236 2860 301 2927 que
339 2851 392 2902 aut
424 2836 548 2900 inanem
581 2839 674 2901 etiam
705 2836 906 2901 ambitionem
935 2837 1093 2911 referant,
1132 2837 1269 2903 iuterim

236 2940 392 3028 quicquid
420 2959 461 2999 ex
491 2938 603 3022 quavis
622 2950 711 3020 purte
734 2939 833 3019 perit,
864 2935 991 3020 publico
1011 2949 1138 3016 pereat,
1170 2938 1268 3021 quic-

237 3043 314 3127 quid
346 3040 402 3104 uni
432 3037 623 3116 detrahitur,
662 3039 808 3102 omnibus
844 3040 1033 3102 detrahatur.
1092 3036 1140 3098 lta
1172 3038 1267 3101 eritis

230 3143 354 3211 invidia
374 3140 541 3213 excaecati,
561 3138 608 3200 ira
626 3139 797 3214 immutati,
826 3139 996 3201 ambitione
1015 3138 1179 3217 perversi,
1209 3147 1270 3202 aut

233 3244 279 3311 ita
308 3242 408 3306 laudis
439 3262 476 3304 ac
507 3241 599 3303 bonae
626 3240 786 3321 opinionis
813 3249 1048 3321 contemptores
1083 3236 1195 3311 eritis,
1230 3248 1270 3303 ut

233 3366 303 3412 non
320 3341 492 3427 aliquando
512 3340 669 3415 sentiatis,
690 3340 768 3422 quid
787 3360 846 3403 vos
866 3338 999 3402 deceat?
1027 3339 1067 3398 Et
1086 3339 1181 3400 decet
1204 3360 1270 3403 vos

236 3444 281 3509 oh
295 3440 453 3523 publicam
469 3438 650 3513 utilitatem,
672 3438 714 3500 ob
732 3460 897 3502 commune
913 3440 1049 3511 bonum,
1069 3436 1269 3506 domesticae

235 3542 400 3622 deponere
426 3537 614 3615 simultates,
641 3560 767 3604 omnem
784 3540 946 3603 intervos
966 3537 1103 3619 abjicere
1122 3536 1273 3604 offensa·

234 3659 307 3708 rum
332 3637 606 3715 recordationem,
635 3638 710 3702 nulli
731 3663 818 3704 suam
839 3641 983 3704 invidere
1005 3639 1185 3714 fortunam,
1217 3641 1271 3705 in·

234 3738 380 3804 testinam
391 3757 501 3819 paoem
515 3758 694 3817 accersere,
714 3742 871 3822 publicam
888 3739 1090 3804 concordiam
1102 3739 1271 3818 amplecti,

235 3841 333 3908 multa
350 3838 488 3902 invicem
506 3841 706 3916 condonare,
726 3845 822 3905 multa
839 3843 1008 3904 remittere.
1049 3838 1175 3901 Videtis
1202 3862 1270 3905 eoe

237 3941 293 4028 qui
316 3943 412 4005 multa
434 3941 499 4004 aliis
519 3943 697 4005 concedunt
715 3944 808 4004 etiam
826 3941 866 4005 do
883 3963 960 4016 suo,
981 3952 1012 4001 et
1032 3939 1087 4024 qui
1110 3960 1270 4006 nonnun-

238 4064 334 4127 quam
358 4062 454 4122 prece
473 4059 509 4105 ac
528 4039 630 4122 pretio
656 4063 765 4123 pacem
787 4050 911 4116 emunt,
940 4042 1109 4121 plurimum
1129 4041 1266 4110 interim

238 4140 368 4225 augeri,
399 4141 567 4221 plurimum
587 4138 751 4205 ditescere.
789 4144 862 4205 Hoc
878 4144 1042 4221 exemplo,
1069 4152 1103 4204 ut
1122 4145 1266 4223 publicis

239 4242 418 4303 consultum
436 4239 493 4312 sit,
512 4238 634 4319 privata
650 4244 849 4306 contemnite.
889 4244 1077 4326 Quanquam
1096 4265 1164 4326 quo
1183 4267 1268 4310 eon·

239 4339 329 4413 silio,
363 4358 420 4401 sua
449 4331 606 4420 cujusque
633 4343 731 4426 magis
758 4345 933 4418 llorebunt,
972 4343 1070 4421 magis
1104 4356 1199 4408 aucta
1227 4368 1269 4411 ae

298 4436 425 4517 lffiffllss
450 4446 560 4510 erum,
604 4460 698 4525 quam
726 4445 753 4510 si
779 4445 911 4530 publicis
940 4443 1090 4507 studeatis
1120 4446 1268 4513 omnies?
