2822 4724
252 467 296 537 ss
675 457 839 554 epistota

252 657 336 721 libro
359 664 562 728 reverenter,
595 661 631 714 ut
652 662 709 732 pa'r
734 658 816 723 erat,
854 643 965 704 allatus
989 659 1108 714 essem
1146 641 1208 703 boc
1228 657 1263 700 se

250 757 325 820 mihi
351 758 470 820 debere
493 757 551 830 ait,
592 764 624 816 et
646 747 792 812 benefic-ii
818 749 891 809 loco
919 761 1058 825 ponere,
1094 761 1166 802 nam
1195 759 1263 820 quas

252 858 318 940 ipse
342 859 424 920 bene
447 856 589 930 fecisset,
619 851 763 914 insanae
787 844 926 910 amicitie
950 842 1117 906 occasione
1139 840 1263 903 iecisse.

252 961 324 1022 Non
345 977 454 1040 passus
475 968 523 1019 est
541 959 720 1038 quanquam
736 948 915 1030 splendida,
940 956 976 1006 ut
991 943 1053 1018 ibi,
1080 939 1264 1005 conditione

251 1060 353 1121 oblata
371 1058 461 1132 olim,
480 1053 664 1138 persuaderi
680 1050 775 1124 meis,
795 1059 831 1111 ut
850 1046 884 1108 in
901 1044 1088 1127 religionem
1108 1040 1271 1125 quandam

250 1157 482 1241 praecipitarent
505 1177 567 1219 me.
616 1153 658 1216 Et
683 1149 786 1214 abbati
812 1148 936 1210 cuidam
959 1146 992 1207 id
1021 1141 1142 1227 agenti,
1174 1151 1264 1204 tunm

250 1263 311 1321 ltoc
337 1259 396 1334 ait,
428 1256 591 1342 ingenium
617 1249 792 1336 perderes?
834 1248 920 1310 lrsar
945 1244 1076 1327 eosqui
1106 1244 1140 1305 iu
1165 1241 1265 1304 literis

205 1437 210 1448 ι
251 1359 408 1434 otianmr,
443 1359 611 1442 plurimum
643 1352 785 1435 suspexit
825 1361 1012 1414 Mucianum
1037 1354 1176 1424 Rufum,
1221 1362 1264 1403 ex

250 1457 389 1544 epistolis
422 1470 454 1522 et
485 1459 657 1520 amicorum
693 1451 965 1515 commendatione
1000 1447 1162 1530 cognitum
1192 1443 1263 1506 sibi.

252 1573 486 1650 Vigilantiam,
523 1558 579 1644 qui
606 1575 689 1618 anno
719 1551 831 1615 abhinc
859 1549 953 1613 tertio
980 1570 998 1610 a
1028 1545 1201 1609 latronibus
1230 1543 1264 1606 in

251 1665 364 1728 Suevis
381 1663 548 1726 confossus
568 1655 700 1730 interiit,
726 1652 860 1715 vocabat
879 1652 1109 1712 Germanorum
1126 1644 1265 1708 disertis-

248 1767 371 1827 simum.
409 1761 624 1844 Dicebatque,
644 1775 725 1836 sepe
744 1751 855 1815 audire
870 1771 905 1813 se
925 1759 1159 1834 Vipitenum,
1183 1765 1264 1806 asm-

205 1916 208 1924 ,
250 1883 345 1950 quam
363 1864 435 1926 satis
456 1861 577 1925 audire.
606 1853 770 1940 omibus
792 1851 847 1934 qui
863 1852 948 1932 apud
966 1871 1025 1912 nos
1043 1867 1168 1911 carmen
1187 1845 1265 1910 scri·

248 1967 344 2041 bunt,
371 1961 557 2047 praelerebat
576 1963 743 2024 Euhenum
759 1963 911 2030 Hessum,
938 1949 1029 2032 cujus
1049 1947 1123 2012 olim
1138 1949 1264 2029 eclogas

249 2067 387 2142 videret,
414 2083 519 2147 nuper
536 2061 632 2124 etiarn
652 2055 830 2120 Heroidum
849 2051 1099 2118 Christianorum
1117 2067 1197 2129 opus
1213 2065 1264 2108 me

146 2190 151 2198 ·
249 2169 409 2232 afferente.
449 2165 588 2228 Multum
610 2171 683 2222 ante
706 2157 860 2220 tribuerat
876 2165 1036 2220 Bolsuslao
1064 2163 1102 2214 de
1121 2161 1264 2214 Hassen=

249 2278 329 2334 stein
347 2275 460 2342 Bemo,
490 2281 585 2348 quem
610 2239 780 2322 nobilitatis
803 2257 948 2316 columen
975 2248 1263 2330 appellare'solitus

249 2377 312 2443 est,
338 2378 370 2428 et
384 2373 545 2428 mortuum
561 2355 754 2420 familiariter
775 2351 886 2414 doluit.
923 2359 1081 2414 Joatmem
1099 2355 1264 2432 Rhaqiwn

249 2463 461 2532 venerabilem
475 2470 595 2541 patrem
607 2453 767 2516 salutabat.
809 2461 982 2533 capnionis
1001 2469 1142 2526 oausam,
1164 2469 1265 2532 quan-

248 2578 316 2629 tum
338 2571 463 2645 posset,
497 2564 756 2640 propugnaturus
784 2563 862 2614 erat.
900 2561 1035 2616 Erasmi
1054 2562 1263 2618 Rotas-adama·

248 2667 282 2728 in
304 2663 520 2747 quodcunque
539 2653 691 2737 scriptum
719 2651 889 2727 incideret,
923 2651 1007 2715 bene
1030 2653 1070 2716 de
1094 2652 1263 2716 Gauranis

249 2762 439 2848 sperandum
466 2756 606 2831 monuit,
648 2751 784 2835 ejusque
803 2753 1076 2816 'declamationem
1107 2753 1263 2834 pandam

248 2878 368 2930 summa
390 2882 462 2924 cum
487 2855 694 2923 veneratione
713 2852 964 2916 cummterebat.
1008 2853 1165 2916 Nundinis
1184 2873 1263 2934 prse-

249 2977 335 3030 terea
361 2981 433 3026 cum
459 2977 529 3022 csse
552 2953 775 3018 Francolurdii
795 2954 880 3016 illum
906 2964 939 3013 et
960 2953 1050 3015 simul
1072 2947 1262 3032 eupatorem

250 3087 287 3127 ac
301 3075 519 3128 Hermannum
538 3064 709 3124 Eusebium
734 3052 953 3126 intellexisset,
990 3051 1190 3130 cupidissime
1220 3069 1261 3113 eo

249 3161 414 3225 concessit.
463 3153 590 3219 Accidit
619 3167 737 3226 tamen,
774 3162 811 3213 ut
836 3172 902 3213 non
927 3149 1051 3214 videret
1076 3161 1261 3219 Erasmum.

250 3264 329 3324 Nam
352 3279 417 3344 quo
444 3257 497 3319 die
524 3241 735 3326 Socraticum,
775 3260 811 3312 ut
833 3251 902 3333 ipse
930 3250 1054 3314 serebat
1077 3241 1262 3316 convivium

248 3357 432 3444 apparabat,
463 3366 633 3417 vocaturus
662 3351 845 3436 quicunque
879 3351 950 3413 istic
973 3352 1129 3433 politioris
1158 3353 1261 3416 litera-

251 3473 327 3524 turae
348 3468 519 3522 assertores
538 3445 661 3529 esseut,
679 3452 794 3516 morbo
810 3449 919 3513 calculi
937 3453 1126 3532 praepeditus
1145 3466 1208 3532 est,
1230 3468 1262 3518 et

250 3565 333 3628 lorte
354 3557 500 3643 sequenti
516 3557 568 3619 die
585 3552 660 3616 abiit
678 3563 847 3616 Erasmus.
885 3543 978 3614 Unde
994 3552 1068 3615 milri
1084 3549 1263 3617 succensuit

250 3675 379 3746 postea,
417 3655 474 3742 qui
496 3655 577 3718 illius
605 3651 724 3716 abitum
751 3651 935 3732 praesciens,
967 3671 1033 3713 non
1058 3654 1261 3717 monuissem.

250 3765 299 3827 Ac
314 3763 490 3843 dispeream
506 3751 625 3835 inquit,
644 3750 671 3812 si
691 3770 831 3834 unquam
849 3750 1012 3814 molestior
1030 3751 1105 3814 mihi
1125 3755 1261 3818 calculus

249 3863 327 3937 fuit,
359 3853 553 3938 hospitaliter
570 3861 757 3933 accepturo,
786 3871 860 3931 eum
877 3853 995 3928 viatim,
1024 3873 1091 3935 quo
1108 3851 1260 3934 majorem

251 3983 316 4024 non
346 3959 439 4021 habet
472 3951 665 4018 Germania
708 3950 795 4014 Inter
822 3953 1083 4036 colloquendum,
1118 3975 1190 4018 cum
1216 3956 1257 4017 de

249 4057 420 4141 Equitibus
456 4051 611 4137 germanis
640 4071 818 4122 sermonem
853 4071 960 4134 usus,
995 4055 1105 4134 §ostri
1140 4053 1261 4120 ordinis
