2624 5108
552 888 684 963 Nemo.
1060 902 1129 979 309

110 1077 327 1141 doctrinarum
356 1080 476 1158 secem,
508 1082 628 1161 jactare
661 1082 790 1147 discam.
846 1085 927 1149 Nom
953 1087 1131 1173 intelligere

109 1181 199 1242 nullo
225 1181 357 1260 negotio
381 1181 466 1245 licet.
510 1185 590 1247 Sum
613 1183 697 1247 enim
722 1187 814 1264 plone
839 1185 874 1249 iu
896 1207 935 1249 ea
958 1188 1129 1269 opinione,

108 1290 146 1341 nt
173 1277 231 1361 qm
257 1280 291 1341 in
320 1282 367 1345 lris
394 1283 505 1347 studiis
528 1284 694 1364 superbire
716 1285 810 1362 sciet,
840 1298 873 1350 et
896 1310 957 1369 pro
984 1274 1135 1373 tempore'

109 1379 258 1461 ingerere
282 1404 318 1443 se
348 1385 480 1460 audeat,
515 1404 590 1447 enm
622 1396 873 1451 corunmmntnm
900 1390 962 1452 hoc
986 1401 1132 1473 tempore

109 1478 362 1557 iureconsultum
376 1485 561 1550 existimem.
601 1486 699 1567 Quod
711 1486 903 1566 institutum,
924 1491 1002 1573 quid
1015 1492 1132 1569 refert,

110 1572 276 1663 quomodo
304 1597 417 1663 postes
447 1585 694 1663 immutaverim,
729 1588 888 1665 scribere,
926 1610 1000 1653 curu
1025 1602 1060 1653 tn
1087 1592 1132 1655 illi

111 1682 294 1746 interfueris
315 1686 460 1763 Senatui,
502 1709 568 1770 quo
597 1688 682 1749 istml
708 1688 826 1753 lactum
857 1702 906 1755 est
940 1692 1133 1759 consilium?

110 1785 164 1849 An
178 1795 397 1854 Burtlsob'stas
414 1788 524 1852 redeo.
564 1788 658 1850 Tales
671 1801 762 1865 sinit,
781 1790 839 1873 qni
854 1812 940 1855 nunc
954 1792 988 1857 iu
1002 1794 1132 1859 susibus
1223 1840 1236 1855 ..

110 1888 296 1971 Principum
319 1890 409 1973 (prosi
429 1887 569 1970 spongias
593 1891 727 1964 luerent,
756 1892 874 1974 qulbus
892 1894 1132 1961 consultoribus

110 2010 164 2054 res
206 1990 341 2073 publicu.
374 1990 611 2069 gubernamur,
655 1993 697 2054 nd
734 2013 875 2075 quorum
915 1995 1134 2079 prescriptum

111 2089 219 2154 omnis
250 2090 337 2153 (lomi
363 2091 509 2172 lorisque
533 2102 707 2167 cornutum
752 2093 809 2177 qui
835 2094 896 2157 soli
922 2096 1011 2160 docti
1036 2110 1134 2175 sunt,

108 2192 235 2275 solique
267 2190 418 2253 doctrinm
446 2190 584 2269 pretium
610 2190 793 2268 inveniunt,
825 2193 1016 2276 quibuscum
1039 2220 1134 2261 surim

109 2293 162 2359 int
179 2292 296 2355 divites
322 2313 434 2354 onmem
455 2311 622 2354 coturnuue
647 2292 780 2368 babent,
816 2313 899 2375 quos
919 2297 1006 2357 solos
1022 2296 1134 2377 bonig-

111 2392 183 2457 ttius
202 2396 345 2455 salutant.
385 2393 434 2456 Ac
449 2391 577 2469 nescio,
596 2413 637 2453 ou
648 2392 771 2473 uspiam
785 2393 978 2457 murttmuns
992 2395 1131 2457 stultitiis

113 2516 178 2559 sim
189 2495 432 2567 documentum,
453 2514 547 2575 (prtum
564 2491 598 2555 in
613 2491 815 2557 demerentlis
833 2492 950 2556 rabulis
963 2496 1134 2575 prebeant.

112 2596 204 2677 Quos
230 2614 303 2657 cum
336 2594 474 2657 reddunt
504 2602 714 2675 purpuratos,
758 2592 818 2673 ipsi
844 2593 1015 2677 elitpmndo
1039 2609 1136 2677 egent

110 2694 211 2779 inepti
224 2694 386 2769 homines,
405 2694 496 2777 quiesi
512 2714 579 2755 uon
591 2693 703 2757 melior
717 2692 816 2755 luerit
830 2694 1007 2759 Gennenisc
1024 2708 1135 2775 status,

113 2806 283 2879 antequam
310 2794 360 2857 isti
393 2794 596 2867 invaderent,
642 2803 691 2854 tot
720 2793 934 2857 voluminibus
970 2794 1136 2875 instructi,

111 2908 189 2959 tunc
207 2916 281 2957 cum
297 2897 368 2974 plus
393 2897 533 2957 valerent
551 2893 603 2957 liic
626 2893 704 2955 boni
726 2914 850 2971 utores,
885 2916 1137 2981 menumquam

111 2996 235 3077 scripte
262 2997 360 3076 leges.
411 2996 478 3058 Aut
505 3015 572 3057 nou
597 2994 699 3055 mllmc
727 3005 815 3057 teuto
846 2996 995 3080 quelibet
1022 2996 1135 3063 civitas

112 3096 299 3177 pntdentius
316 3094 531 3177 gubernetur,
564 3104 685 3177 quanto
705 3093 745 3155 nb
764 3116 803 3158 oe
821 3094 948 3177 longius
968 3097 1083 3161 absunt
1103 3096 1137 3163 lti

114 3198 315 3279 glossatorem
352 3196 402 3257 Ac
422 3195 492 3257 illos
507 3192 585 3257 milri
607 3194 766 3257 intuentur
786 3194 900 3278 uliquis
917 3198 1004 3275 opud
1020 3198 1137 3261 Bolthi·

115 3314 189 3359 cutn
205 3314 291 3358 mare
311 3296 470 3370 Saxones,
496 3314 592 3376 quem
610 3294 844 3371 inermetouter,
863 3314 901 3359 sc
918 3298 1003 3359 nulle
1021 3295 1139 3377 injurie

112 3390 166 3477 jus
182 3394 309 3471 dicunt,
328 3416 395 3459 non
407 3393 558 3457 coruultis
571 3394 701 3478 quidem
715 3396 790 3472 illis,
810 3417 892 3481 quos
908 3394 976 3458 dixi
993 3397 1141 3497 leguleis‚

111 3518 226 3561 serum
247 3517 309 3560 sno
334 3496 387 3558 illo
414 3495 453 3558 eb
481 3494 620 3578 antiquis
638 3517 746 3574 more,
776 3519 850 3563 cum
873 3518 934 3563 nos
955 3497 1008 3561 hic
1027 3498 1141 3583 viginti

112 3617 234 3672 anuos,
278 3596 360 3657 inter
385 3595 514 3678 triginta
541 3614 601 3659 sex
628 3596 788 3661 Doctores
815 3600 1022 3679 wudesmus.
1073 3598 1140 3680 Qui

51 3682 54 3689 ¹
114 3698 281 3781 quomodo
305 3696 543 3777 persuadebunt
562 3693 640 3757 mibi
658 3694 810 3758 doctrinm
833 3696 1036 3777 opinionem,
1065 3720 1141 3764 curu

113 3809 161 3860 tot
175 3817 297 3871 annos,
317 3807 366 3858 tot
383 3796 529 3876 perlectis
547 3792 778 3867 voluminibus,
798 3794 944 3861 invenire
963 3798 1044 3881 quid
1059 3796 1140 3878 juris

112 3918 179 3961 non
197 3896 345 3978 possint?
371 3896 518 3960 Obscurc
535 3894 632 3977 igitur
648 3890 870 3973 intelligimus,
896 3896 968 3978 quis
990 3899 1052 3960 slot
1068 3897 1142 3958 istos

112 3998 146 4061 iu
168 3993 609 4061 Germanis-contentiones?
642 3993 715 4057 istu
733 3991 932 4071 discordias?
946 4034 950 4041 -
965 3994 1038 4078 quis
1061 3993 1143 4059 inte·

111 4099 201 4162 ttiuis
220 4098 310 4160 bellis
322 4108 490 4160 connectat
505 4092 696 4178 Principes?
715 4092 826 4157 Rebus
841 4092 975 4175 publicis
990 4095 1144 4159 multus

111 4196 265 4265 invehat?
300 4197 406 4260 munia
421 4196 632 4261 seditionibus
656 4194 807 4274 implent?
848 4197 900 4259 Ex
919 4195 968 4258 his
983 4194 1145 4279 quendem

112 4299 209 4375 novi,
243 4299 400 4381 insignem
422 4296 563 4373 minum,
590 4297 680 4379 qnod
703 4295 780 4359 mibi
797 4295 942 4371 videtur,
974 4295 1065 4382 qnod
1083 4295 1144 4379 ipsi
1181 4380 1184 4387 Ι

112 4396 186 4481 jure
204 4401 403 4473 consultum,
435 4396 494 4481 qui
517 4397 687 4480 sliqumdo
711 4395 805 4461 simul
829 4396 1032 4461 audientibus
1049 4396 1145 4461 nobis

113 4500 222 4579 Pupio
247 4498 325 4563 illud
342 4496 423 4580 juris
442 4496 591 4561 columen
607 4496 776 4575 Juonern,
804 4516 879 4563 mim
900 4496 1146 4583 isprrslegoret,
1170 4493 1174 4503 '
