2624 5108
214 867 284 942 llo
474 858 517 936 ln
540 858 697 934 libellum
720 857 829 931 Laut.
855 856 967 932 valta

214 1058 379 1120 cerebrum
397 1069 464 1118 non
482 1048 598 1116 habere
616 1052 697 1114 lama
715 1056 777 1125 est,
797 1026 892 1133 atqire
907 1050 1005 1132 igitur
1022 1035 1154 1132 ingenio
1171 1046 1224 1112 nsi

212 1180 279 1221 non
307 1165 390 1220 sunt.
442 1153 569 1234 Quippe
599 1153 625 1215 si
656 1152 768 1215 luisset
790 1170 862 1214 cum
888 1151 955 1213 aliis
984 1148 1043 1211 sibi
1073 1147 1223 1231 gentibus

211 1257 390 1336 negotium,
419 1253 530 1334 utique
555 1272 619 1313 non
638 1252 684 1312 sic
701 1248 817 1332 [rigida
835 1262 918 1314 esset
941 1251 1006 1313 lise
1022 1248 1156 1323 effictio,
1191 1258 1225 1309 et

212 1357 331 1433 cautius
357 1351 457 1416 moliti
487 1353 548 1415 hoc
575 1364 786 1414 commentum
815 1362 938 1426 essent,
978 1348 1038 1412 nisi
1064 1350 1223 1424 reperitur

212 1458 268 1538 qui
287 1454 432 1518 ostendat
456 1472 498 1513 ex
518 1452 762 1531 Imperatoribus
790 1452 862 1527 ulli,
885 1463 1048 1534 antequam
1076 1451 1116 1513 ad
1141 1451 1224 1514 Ger·

209 1574 318 1620 manos
337 1551 517 1633 perveniret
535 1551 658 1631 imperii
676 1557 807 1628 nomen,
827 1552 1007 1614 intentatam
1025 1551 1124 1614 luisse
1141 1550 1223 1613 hanc

210 1654 364 1719 fraudem.
421 1650 560 1713 Nimium
595 1672 646 1714 me
681 1674 778 1735 ergo,
820 1652 950 1715 nimium
981 1652 1062 1733 proh
1096 1651 1223 1714 Christe

210 1754 338 1838 penitet
354 1750 400 1814 ihi
416 1750 572 1829 majorum
589 1763 790 1827 nostrorum,
812 1753 868 1835 qui
886 1753 931 1814 sic
949 1753 1054 1815 obtusi
1072 1746 1222 1828 lirerrmt,

210 1869 245 1919 ut
264 1875 322 1918 eos
339 1852 460 1916 latter-et
477 1852 599 1932 captio,
626 1853 732 1933 pueris
752 1853 844 1915 etiam
862 1852 992 1936 cognitu
1011 1852 1120 1915 facilis.
1151 1852 1223 1915 Sed

211 1976 251 2019 eo
281 1951 394 2032 majori
423 1952 508 2015 fraus
537 1952 661 2015 illorum
681 1953 757 2015 odio
777 1953 873 2036 digna
891 1965 957 2036 est,
996 1974 1061 2036 quo
1081 1948 1221 2016 deterius

210 2051 403 2135 simplicitate
431 2051 520 2114 abusi
544 2063 618 2115 sunt
640 2064 758 2116 nostra.
797 2054 898 2115 Tuam
916 2072 1015 2127 vero,
1043 2053 1222 2117 beatissime

210 2164 294 2233 Leo,
330 2155 401 2236 quis
435 2152 508 2215 satis
538 2150 684 2215 admirari
717 2163 824 2232 potest
852 2151 1051 2228 felicitatem,
1091 2152 1124 2215 in
1153 2173 1221 2237 quo

208 2256 297 2321 istam
327 2251 408 2316 verti
435 2253 567 2335 contigit
593 2252 627 2314 in
654 2253 765 2317 melius
788 2251 971 2335 pontilicum
990 2246 1223 2318 mutationem?

209 2354 346 2421 Habebit
363 2355 447 2417 enim
465 2354 610 2417 meliores
637 2353 675 2414 ab
693 2356 754 2416 hoc
773 2363 913 2435 tempore
933 2353 1105 2416 Pontifices
1120 2353 1222 2417 eoele-

209 2457 270 2533 sis,
290 2454 351 2520 nisi
369 2474 434 2517 non
449 2472 491 2516 ex
510 2454 613 2518 animo
630 2457 682 2517 liat
702 2454 759 2516 ista
773 2453 958 2533 promissio,
978 2454 1036 2516 sed
1053 2466 1095 2514 ex
1115 2456 1223 2517 animo

209 2562 254 2623 ltr.
290 2558 397 2640 Atque
422 2555 518 2635 igitur
547 2556 688 2639 quaetlam
712 2566 759 2616 cst
784 2548 848 2617 haec
873 2554 988 2635 injuria
1012 2564 1067 2615 tua
1092 2555 1132 2616 ab
1155 2555 1222 2630 iis,-

210 2657 265 2744 qui
290 2659 342 2720 vel
367 2656 528 2733 dubitant,
562 2666 673 2719 contra
698 2656 961 2738 impudentissime
986 2656 1117 2717 effictam
1140 2666 1222 2722 Con.-

208 2767 343 2824 stamini
365 2757 566 2819 donationem
592 2758 764 2819 scribentes
792 2776 832 2819 an
856 2759 973 2819 latums
999 2757 1051 2818 sis.
1089 2758 1126 2819 ln
1149 2757 1223 2820 illos

210 2879 286 2920 vere
299 2857 487 2935 ,detestandi
513 2858 638 2920 sceleris
659 2868 885 2919 commentores
905 2855 1086 2935 manticas,
1114 2860 1222 2922 onmia

209 2957 407 3020 acerbissima
436 2955 532 3030 dicta,
571 2957 738 3040 omniaque
771 2956 964 3018 ferocissima
990 2956 1072 3017 sacta
1099 2978 1221 3022 conrea

208 3058 309 3119 niunt.
347 3054 491 3137 Quidni?
510 3055 545 3118 in
561 3057 826 3137 depeculatores,
837 3056 870 3119 in
883 3055 989 3132 fures,
1009 3056 1041 3117 in
1054 3068 1219 3136 tyrannos,-

208 3157 241 3220 in
259 3159 407 3220 latrones.
459 3156 538 3234 (luis
557 3156 727 3219 violentior
752 3156 835 3218 enim
854 3157 933 3218 latro
954 3167 1015 3230 est,
1050 3178 1143 3240 quam
1163 3161 1221 3242 qui
1281 3218 1285 3223 ,

207 3258 250 3321 ite
268 3257 366 3336 rapit,
398 3267 434 3318 ut
459 3255 601 3337 rapiendi
624 3257 754 3317 modum
773 3259 890 3319 nullum
910 3256 1045 3318 statuat?
1080 3259 1123 3319 Hi
1147 3259 1221 3323 lue-

207 3370 295 3431 nnn,
331 3355 387 3438 qui
414 3355 447 3416 in
477 3354 604 3415 minimo
631 3367 755 3436 arrepta
783 3355 949 3419 occasione
977 3357 1015 3418 ad
1034 3356 1220 3425 immensum

207 3455 367 3538 progressi
397 3463 471 3516 sunt
502 3453 668 3532 diripiendi
695 3455 839 3530 licentia,
877 3456 934 3537 qui
960 3458 1072 3538 gratias
1100 3473 1221 3526 venum

206 3562 444 3635 exposuerunt,
477 3550 532 3634 qui
559 3555 824 3631 condonationes,
862 3555 917 3638 qni
946 3557 1220 3637 dispensationes,

206 3666 237 3716 et
269 3651 380 3715 infiniti
413 3652 536 3734 generis
572 3653 670 3716 bullas
706 3655 762 3737 qui
791 3656 1001 3718 vendiderunt
1033 3667 1120 3719 tanto
1154 3660 1220 3736 jam

205 3767 368 3834 tempore;
397 3751 452 3834 qui
473 3752 506 3814 in
524 3766 725 3832 peccatorum
743 3755 927 3818 remissione
946 3758 1081 3835 pretium
1101 3768 1221 3822 statues

205 3844 278 3919 runt
297 3851 379 3914 etin
398 3853 497 3933 poenis
515 3853 691 3918 inferorum
712 3855 899 3917 invenerunt
918 3856 976 3919 sibi
998 3860 1139 3930 lucrum3
1160 3860 1218 3942 qui

205 3952 377 4019 sacerdotia
404 3954 469 4030 hic,
501 3955 719 4017 eleemosinam
744 3967 907 4035 parentum
932 3967 1113 4020 nostrorum
1131 3959 1218 4041 passi

205 4068 278 4120 sinit
297 4055 336 4116 ab
354 4072 389 4114 se
408 4054 556 4127 mercari;
576 4053 631 4136 qui
652 4054 814 4116 Germanis
834 4068 1072 4134 persuaserunt,
1092 4059 1218 4138 episco-

205 4176 263 4236 pos
290 4175 355 4217 nou
387 4171 477 4229 esse,
515 4154 570 4235 qui
595 4153 634 4212 ab
659 4169 693 4215 se
718 4153 807 4233 pallia
830 4174 895 4216 non
930 4156 1078 4231 emerint,
1109 4160 1217 4224 ntultis

205 4273 375 4319 aureorum
393 4246 546 4326 millibus3
567 4253 623 4334 qui
642 4252 781 4313 contenti
799 4274 864 4314 non
886 4268 959 4318 sunt
978 4260 1107 4338 exigere
1127 4268 1218 4322 extrs'

206 4344 348 4415 ordinem
376 4350 543 4434 quotannis
572 4354 682 4426 semel,
714 4353 771 4414 secl
800 4355 983 4431 mittebant,
1025 4339 1151 4439 quoties
1184 4358 1219 4423 in

203 4463 341 4516 merrtem
367 4450 525 4526 venisset,
565 4451 620 4534 qui
647 4452 831 4533 colligerent
857 4453 923 4518 aliis
950 4456 1002 4518 alii
1027 4456 1068 4519 de
1095 4459 1221 4537 causis,
