2624 5108
215 866 285 938 618
590 844 848 935 Exhortatoris

211 1052 464 1134 comparabimus
479 1051 654 1114 exercitum
664 1049 706 1128 ⁰).
723 1061 726 1065 ’
743 1051 814 1112 Vos
825 1049 923 1112 modo
938 1049 1083 1124 annuite,
1101 1068 1160 1110 vos
1175 1048 1233 1108 ed·

216 1154 368 1228 uitimini,
401 1173 461 1216 nec
478 1153 585 1215 deeste
604 1150 650 1213 sie
668 1149 792 1229 peratis.
830 1148 959 1229 Quippe
977 1147 1098 1222 omnia,
1123 1147 1150 1211 si
1168 1167 1230 1208 vos

216 1273 287 1316 esse
305 1244 427 1325 velitis,
457 1262 563 1331 parato
581 1246 673 1310 nobis
693 1259 776 1310 sunt.
824 1248 904 1310 Nam
921 1248 1025 1311 minus
1043 1247 1120 1311 nihil
1137 1267 1231 1322 curo,

217 1373 311 1435 qrtam
339 1362 376 1414 ut
402 1370 420 1412 a
450 1346 668 1411 Cardinnlibus
697 1356 820 1429 mtrem
845 1346 965 1430 aliquid
989 1348 1052 1410 hoc
1076 1357 1231 1425 tempore,

215 1452 277 1515 hoc
297 1450 337 1511 nd
354 1449 478 1511 bellum.
525 1445 604 1508 Satis
622 1454 702 1525 puto
720 1445 747 1507 si
766 1446 897 1528 exigere
913 1447 965 1509 hic
983 1445 1044 1528 ipsi
1062 1456 1231 1520 vetentur,

216 1570 253 1610 ec
270 1547 347 1611 illud
362 1557 564 1628 prospectum
577 1543 604 1605 si
619 1544 731 1619 luerit,
751 1565 808 1621 ne,
827 1545 917 1627 quod
932 1547 1051 1621 solent,
1071 1544 1118 1610 his
1133 1545 1230 1609 rebus

214 1647 467 1728 impedimentum
493 1645 646 1707 adferent.
691 1644 748 1707 Ne,
761 1644 917 1725 expeditis
936 1644 1049 1722 nolris,
1080 1645 1141 1725 ipsi
1165 1644 1228 1720 hic,

213 1757 250 1809 ut
275 1766 357 1828 saepe
382 1746 487 1826 prius,
527 1741 644 1807 bellurn
670 1744 829 1818 excitent,
864 1743 1036 1807 discordias
1063 1744 1228 1819 seminent,

214 1857 247 1910 et
265 1867 283 1907 a
301 1844 413 1907 sanetis
432 1843 557 1925 coeptis,
582 1840 791 1924 ptdclaerrimo
821 1842 962 1906 instituto
982 1863 1041 1906 nos
1060 1844 1229 1906 retrahant.

212 1944 262 2006 Nc
281 1941 398 2006 invidia
417 1941 564 2024 potentiae
582 1952 713 2017 nostre,
733 1940 931 2008 inimicorum
946 1941 1071 2003 obstent
1089 1942 1229 2003 excidio.

212 2042 262 2105 Ne
289 2041 363 2104 dum
390 2055 540 2107 verentur
568 2042 712 2127 nequid
739 2041 831 2104 nobis
856 2040 999 2117 accedet,
1029 2043 1081 2103 vel
1105 2042 1229 2104 Turcas

210 2160 345 2223 regnare
368 2142 485 2204 malint.
521 2144 595 2204 Non
622 2152 741 2205 temere
765 2140 824 2203 ista
847 2160 975 2205 moneo.
1012 2139 1097 2203 Dum
1114 2150 1228 2202 vetera

210 2251 326 2321 reputo
345 2241 443 2317 enim,
466 2240 664 2324 praesentium
682 2239 923 2304 sollicitudinem
940 2238 1041 2319 capio.
1078 2238 1146 2300 Nec
1165 2259 1227 2301 vos

208 2341 357 2421 ignorare
377 2351 476 2418 puto,
507 2338 622 2424 quibus
641 2339 810 2422 aliquando
829 2338 989 2415 consiliis,
1020 2360 1098 2421 quas
1118 2338 1226 2403 turbas

209 2441 346 2503 Romani
371 2439 422 2503 isti
447 2439 603 2504 detiorint.
648 2438 701 2503 Sic
723 2450 919 2505 Henrichum
942 2456 1105 2524 quartum,
1141 2451 1224 2506 θνα,

206 2550 340 2623 gorius,
375 2538 539 2623 statimque
571 2535 640 2619 ejus
672 2541 807 2604 nominis
837 2552 998 2623 quintrnn,
1036 2552 1220 2620 Pascholis,

207 2641 282 2704 dom
302 2640 410 2704 Italico
428 2651 577 2704 exercent
588 2640 690 2715 bello,
709 2638 749 2702 ab
760 2641 900 2704 Asiatico
916 2642 1069 2706 retinent.'
1097 2642 1221 2705 Eodem

206 2742 313 2804 studio
347 2744 568 2806 Aenobarbum
614 2739 744 2803 vesanit
765 2749 961 2805 Alexander.
1005 2744 1047 2804 Et
1069 2748 1221 2804 ,Frideri-

208 2848 300 2902 chum
316 2846 483 2903 seeundum
499 2836 641 2918 pessimis
661 2837 835 2901 obnoxium
853 2840 1073 2919 pontificibus,
1108 2849 1220 2904 Hono.

206 2951 292 3016 rius,
316 2949 510 3022 Greqortus,
533 2948 566 2999 et
577 2938 629 3001 ille
644 2959 762 3000 nocens
777 2949 995 3016 Innocentius,
1016 2939 1071 3002 din
1085 2940 1218 3018 primum

204 3040 239 3103 in
259 3038 345 3102 ltalia
362 3049 546 3115 morantur,
572 3038 686 3103 deinde
704 3038 744 3099 ab
764 3037 831 3117 ipsa
850 3037 956 3111 etiam,
983 3059 1078 3121 quam
1096 3039 1218 3121 optime

205 3140 273 3219 spei
292 3141 415 3222 plenam
443 3150 637 3221 sumpserat,
674 3136 877 3217 expeditione
903 3139 1073 3202 retrahunt.
1110 3141 1220 3221 Atque

204 3240 262 3304 hos
282 3261 300 3302 e
318 3240 421 3303 multis
441 3241 563 3324 aliquos
583 3255 806 3302 commemoro.
844 3238 923 3303 Nam
942 3237 981 3298 ab
1001 3259 1041 3300 eo
1061 3248 1217 3321 tempore’

204 3360 271 3422 quo
287 3361 360 3403 cum
373 3341 542 3422 religione,
563 3357 642 3398 vana
657 3357 692 3399 se
704 3335 869 3401 immiscuit
880 3335 1078 3417 superstitio,
1097 3339 1216 3402 nostris

202 3457 270 3498 non
279 3439 459 3516 putantibus
472 3439 692 3517 imperatorem
704 3433 819 3498 habere
834 3456 886 3510 se,
904 3435 966 3498 nisi
980 3436 1034 3517 qui
1048 3457 1066 3499 a
1080 3438 1217 3503 Romani

204 3533 362 3612 pontificis
383 3534 515 3613 pedibus
535 3555 685 3598 coronam
707 3539 886 3617 sumpserit,
907 3537 963 3623 qui
983 3536 1099 3618 ek'quid
1117 3539 1217 3601 dons-

201 3631 301 3708 verit,
333 3645 385 3695 aut
408 3631 627 3716 jusjurandum
645 3635 701 3720 qui
718 3635 856 3713 dederit,
893 3647 1092 3705 constantini
1115 3639 1216 3703 dona·

197 3731 320 3795 tionem
337 3744 434 3797 ratam
445 3730 622 3801 bibiturum
634 3721 684 3812 se,
702 3757 825 3818 semper
841 3737 1062 3822 imperatorum
1076 3743 1213 3820 poteslas

202 3845 347 3915 suspecta
363 3837 562 3915 pontificibus
581 3838 657 3912 luit,
683 3838 882 3902 clamantibus
899 3836 1040 3913 interim,
1059 3838 1134 3901 nihil
1150 3856 1210 3898 nos

201 3956 307 4019 agere.
344 3936 417 3998 Non
437 3935 582 4018 pereunti
604 3938 763 4012 Thraciae,
788 3938 894 4005 ruenti
915 3939 1062 4013 Grecie,
1090 3937 1214 4023 pericli·

199 4039 278 4099 tanti
294 4035 365 4100 orbi
384 4036 563 4103 Christiano
582 4037 852 4117 suppetiaslerre.
902 4039 993 4116 Quos
1020 4038 1079 4115 (ita
1098 4041 1211 4102 Tureoe

198 4136 348 4219 pereant)
369 4147 405 4198 ut
429 4137 548 4203 nollent
572 4135 716 4211 vincere,
746 4137 865 4200 nollent
890 4136 1054 4220 imperium
1081 4158 1210 4221 augore.

203 4278 396 4298 *¹-

232 4362 264 4427 ⁴)
283 4388 331 4431 pua
356 4367 485 4430 inuentam
513 4373 706 4430 comparabimus
722 4377 877 4424 aserenan:
906 4374 1032 4432 tngrutsn
1056 4377 1211 4425 conuellunt

234 4456 334 4504 munit.
