2624 5108
84 33 384 441 Ι(
391 33 411 421 Ι

663 616 669 625 ι

430 882 662 960 Munimiliani
687 882 851 958 Caesutis.
1028 886 1032 895 '
1076 892 1146 962 28⁶

140 1084 233 1141 Nunc
251 1097 304 1137 aua
319 1081 448 1152 perfidiae
468 1080 578 1152 passim
595 1087 663 1136 sunt
679 1080 818 1150 praemia,
835 1081 945 1152 passim

208 1175 327 1231 Perfida
346 1175 487 1243 sacrilega
505 1188 562 1245 pro
579 1174 653 1244 stipe
672 1185 765 1226 eastre
783 1185 909 1228 merent.

141 1267 294 1344 Quantum
311 1278 343 1320 tu
361 1282 502 1337 cuperes,
520 1267 545 1321 ei
565 1282 671 1338 posses
687 1282 776 1333 vera,
794 1282 902 1334 negare

209 1360 305 1430 Apula
324 1376 384 1412 non
404 1360 502 1429 aliquo
521 1360 635 1430 prodita
654 1376 741 1429 regna
760 1359 841 1414 dolo.

142 1451 241 1528 Quam
259 1453 336 1505 male
355 1453 535 1520 dissimulat,
553 1453 609 1505 sub
627 1454 794 1526 proditione
813 1453 938 1508 nefanda

209 1545 330 1615 cepisse
350 1546 538 1613 anguigerurn
557 1545 673 1601 Gallica
694 1547 782 1601 crista
800 1547 917 1601 ducent.

140 1637 208 1694 Noa
227 1653 348 1708 quoque
366 1638 417 1691 Dii
441 1640 591 1703 lacerent,
608 1654 669 1709 uon
690 1639 814 1710 amplius
832 1640 881 1694 ille
897 1639 1036 1712 petisset,

210 1730 337 1798 Solaque
358 1731 394 1783 de
413 1729 500 1784 nobis
519 1730 630 1810 perlida
648 1731 737 1801 Brugi
756 1732 849 1787 leret.

139 1821 210 1876 dam
229 1839 325 1892 neque
346 1823 411 1893 plns
428 1824 520 1877 nimio
539 1824 685 1878 tardantes
704 1834 812 1895 quaesta
833 1825 960 1894 luisses,

211 1915 303 1984 lnqne
324 1914 389 1967 sinu
409 1924 529 1986 poteras
547 1931 604 1970 nos
623 1916 762 1971 habuisse
777 1928 841 1972 tuo.

143 2005 234 2082 Quod
252 2024 312 2060 non
332 2007 380 2060 ille
398 2007 472 2061 meis
493 2016 608 2077 poterat
626 2025 705 2062 nunc
723 2009 824 2064 mitior
842 2011 932 2066 annis

211 2098 317 2164 Adria,
334 2115 395 2152 non
414 2114 532 2168 pugnax
549 2100 716 2171 impediisse
735 2102 846 2172 Ligur,

139 2195 188 2247 An
208 2208 313 2262 pacem
334 2191 421 2244 toties
440 2191 584 2246 venetum
603 2194 722 2263 petiisse
741 2194 885 2250 rebeliem

210 2280 339 2348 Nescis,
357 2296 384 2335 et
402 2285 518 2353 pondus
538 2301 599 2338 non
617 2286 756 2341 habuisse
775 2290 906 2358 precer?

142 2375 243 2450 Quam
264 2376 319 2429 luit
335 2376 481 2447 antiquam
501 2377 590 2431 setius
609 2379 737 2433 coluisse
757 2378 913 2449 paludem,

210 2470 308 2523 iratos
327 2479 405 2522 terra
423 2486 511 2539 quam
530 2470 660 2523 tolerare
678 2471 789 2526 Deos?

140 2561 272 2632 Aspice,
292 2570 320 2614 et
338 2561 400 2632 ipsa
416 2571 484 2615 tuoe
502 2572 530 2615 te
549 2563 752 2633 contemplare
770 2576 827 2633 per
844 2572 942 2629 artus,

210 2654 283 2709 Non
300 2655 415 2708 macula
436 2665 480 2709 est
498 2655 603 2709 Veneti
621 2654 768 2729 sanguinis
785 2670 841 2706 une
858 2653 927 2715 nbi,

141 2746 195 2802 llla
206 2746 333 2818 quidem
350 2746 461 2799 nostris
477 2762 628 2817 nunquam
648 2745 774 2799 feliciter
792 2746 881 2801 ermis

209 2839 350 2905 Restitit,
370 2839 398 2892 in
417 2840 512 2910 patrio
530 2855 602 2908 gene
622 2837 752 2892 animosa
768 2841 855 2894 mari.

140 2931 261 2990 Perdita
281 2930 368 2984 deflet
385 2931 481 2985 adhue
500 2932 609 2987 amisso
634 2939 728 2985 eastra
747 2932 905 3001 lieberto,

209 3024 362 3094 Pluraque
381 3023 409 3076 in
429 3024 566 3078 Austriee
583 3025 665 3092 signa
681 3024 806 3079 videnda
828 3026 930 3085 domo.

144 3116 292 3188 Respice,
312 3124 401 3186 teque
419 3126 501 3170 retro
519 3114 574 3191 bis¹
585 3117 680 3187 quinia
699 3116 808 3186 collige
826 3116 864 3170 al>
884 3117 986 3185 annis,

216 3208 351 3263 Invenies
370 3209 499 3262 faustum
517 3208 597 3262 hanc
614 3210 803 3264 constituisse
821 3208 904 3263 nillil.

145 3298 267 3369 Exiguo
285 3300 403 3371 quoties
420 3314 596 3354 numerosus
611 3300 703 3356 milite
720 3314 834 3357 turritas

217 3391 374 3459 Fudimus,
394 3400 423 3445 et
440 3406 530 3462 parva
548 3392 676 3447 maxima
694 3405 790 3450 castra
806 3396 920 3450 monui

145 3485 209 3542 eeu
225 3484 324 3541 Padus
342 3496 370 3539 et
387 3484 513 3554 propior
529 3483 663 3539 Mantoae
680 3485 824 3557 Myneiua
842 3485 929 3557 urbi,

214 3582 312 3650 Atque
331 3576 493 3631 Antenorei
510 3583 588 3630 tecte
606 3577 734 3649 superba
752 3578 832 3633 laris.
863 3624 864 3628 ,

145 3670 250 3726 Testis
271 3679 300 3725 et
317 3685 463 3741 equoreas
482 3667 582 3723 clades
600 3668 759 3723 lacrimosa
776 3668 945 3739 Ravenna,

216 3763 280 3817 Heu
298 3764 385 3817 tellus
402 3769 545 3833 quantum
562 3759 711 3830 sanguinis
728 3757 777 3813 ille
792 3749 878 3814 bibit.

144 3854 209 3912 Scit
225 3856 346 3911 Verona
364 3855 425 3910 suis
444 3870 572 3925 pernes
591 3852 755 3907 animosior
770 3851 881 3920 umis,

213 3944 284 4004 Nec
301 3949 391 4004 toties
408 3948 517 4003 vietam
536 3946 638 4002 Brixia
655 3942 780 4017 pulchra
796 3951 893 4012 negat.

143 4040 263 4097 Moenia
282 4059 340 4095 nec
356 4042 475 4097 miseras
497 4039 665 4112 quondam,
682 4053 764 4092 nunc
781 4045 866 4108 capta
884 4034 1058 4100 Cremonis,

214 4133 284 4189 Nee
302 4134 500 4202 vicentinus,
519 4148 576 4187 nec
592 4128 775 4188 Mutinensis
792 4146 878 4200 ager,
912 4150 915 4155 ·

143 4226 216 4299 lpaa
237 4227 375 4298 paludosi
392 4226 572 4283 dominatrix
590 4225 669 4280 lenta
686 4222 844 4296 profundi,

215 4322 296 4374 Ante
315 4335 384 4376 suae
401 4320 471 4389 legit
491 4318 614 4372 lulrnina
631 4327 734 4371 nostra
751 4318 870 4371 domus.

144 4409 282 4482 Linigeri
299 4413 402 4468 medio
420 4402 605 4483 trepidarunt
621 4422 743 4480 equore
759 4416 874 4476 name,

217 4504 404 4578 Linquentes
422 4502 527 4578 paride
544 4501 618 4557 retia
632 4501 718 4573 lepra
727 4514 818 4557 manu
829 4526 856 4567 ,·
958 4571 963 4579 ι
