2624 5108
89 1251 269 1359 Ulrichi
284 1252 555 1363 Ilutteniled
575 1251 813 1355 Principes
832 1223 1096 1345 Germanos,

160 1392 208 1451 ιιι
252 1376 426 1449 bellurn
465 1374 511 1448 in
552 1377 733 1451 Turces
775 1375 1095 1457 concorditer

135 1496 446 1595 ·suscipiant‚
480 1495 828 1583 exhortatoris.

522 1697 664 1719 c—-v

88 1812 181 1931 Quis
194 1845 254 1906 hoc
266 1832 392 1926 sperare·
405 1865 498 1907 erasus
509 1855 574 1906 erat
584 1890 593 1919 ,
605 1842 767 1925 Principes
777 1842 924 1911 Germani
934 1890 945 1921 ,
956 1854 991 1909 ut
1004 1840 1097 1905 simul

84 1941 143 2007 isla
156 1944 319 2019 caderent,
336 1964 454 2013 summa
467 1942 634 2007 necessitas
648 1954 678 2004 et
695 1943 810 2027 optima
824 1944 948 2007 occasio
963 1940 1097 2027 gerendi
1174 1960 1177 1977 ¹

85 2042 252 2117 advenum
274 2046 394 2115 'l'ureas
413 2042 512 2107 belli?
546 2044 720 2113 Fortunam
730 2046 760 2121 ⁰)
776 2030 930 2129 appellare
946 2042 1035 2117 licet,
1056 2060 1097 2103 an

84 2144 173 2209 nefas
195 2155 260 2219 est,
291 2141 323 2211 in
347 2143 468 2207 subitos
493 2164 581 2207 casas
605 2142 666 2209 Dei
692 2142 916 2227 benignitatem
937 2136 1096 2220 rejicere?

83 2254 169 2311 certe
192 2244 275 2309 enim
296 2244 438 2325 respexit
455 2264 514 2307 nos
533 2244 631 2313 Deus.
667 2246 746 2307 llam
765 2242 842 2329 quid
864 2240 948 2303 aliud
971 2236 1097 2307 dicam?

84 2336 352 2435 Uno'eodernquo
370 2354 512 2425 tempore
529 2344 680 2435 contigit!
697 2354 733 2407 ut
751 2354 782 2405 et
797 2340 881 2403 bello
896 2360 976 2421 opus
997 2338 1036 2401 sit
1045 2338 1096 2414 ⁰⁶)

67 2440 265 2516 Germanis,
303 2454 335 2503 et
360 2442 473 2514 bellum
504 2442 620 2511 inferre
653 2442 767 2513 Tureis
798 2460 926 2509 necesse
952 2438 992 2501 sit
1014 2438 1095 2513 m).

86 2542 234 2615 Gratulor
254 2530 395 2611 felicitati
414 2555 546 2620 nostre,
573 2544 633 2608 nisi
653 2542 724 2627 quis
743 2560 852 2623 parum
869 2538 976 2603 leliees
996 2544 1095 2631 putat,

83 2642 198 2726 quibus
224 2664 288 2705 non
313 2655 430 2713 tantum
455 2642 547 2706 facile
575 2653 641 2719 cst,
676 2662 743 2711 rem
768 2662 881 2725 gerere
905 2640 1000 2721 longe
1027 2638 1095 2717 pul·

82 2736 282 2819 cherrimam‚
309 2743 365 2805 sed
385 2748 417 2806 et
434 2742 643 2811 necessarium
662 2753 720 2807 est.
757 2741 850 2805 Adeo
878 2740 917 2803 ad
936 2742 1097 2823 ingentem

81 2862 232 2924 urgemus
258 2844 397 2927 gloriam.
435 2844 528 2909 Adeo
553 2844 677 2919 omnia,
712 2865 780 2927 quae
804 2863 864 2913 nos
883 2842 1094 2915 circumstant,

81 2944 120 3004 ad
139 2942 299 3025 egregiam
322 2944 444 3011 laudem
463 2956 592 3029 cogunt,
639 2945 707 3007 Pax
732 2942 824 3005 nobis
850 2963 923 3005 cum
948 2940 1093 3010 omnihus

81 3053 169 3105 extra
197 3040 352 3117 finitimis,
387 3064 423 3105 ac
451 3044 508 3109 illls
536 3066 661 3120 secum,
696 3044 779 3109 intus
811 3064 930 3111 summa
962 3062 1094 3105 arrnoms

79 3140 254 3219 difficultas,
276 3141 364 3227 quod
378 3162 461 3209 anno
475 3144 631 3223 superiori
648 3146 725 3209 male
740 3154 957 3225 provenerunt
971 3142 1094 3225 surges,

78 3241 157 3311 male
182 3238 264 3308 virro.
310 3239 410 3322 lgitur
436 3262 508 3305 cum
533 3244 665 3309 maxima
691 3244 732 3308 sit
757 3255 946 3311 commeatus
974 3240 1093 3323 inopia,

78 3351 111 3403 et
128 3338 367 3420 populosissima
385 3339 424 3404 slt
441 3340 502 3408 hoe
520 3353 663 3425 tempore
688 3344 868 3419 Germania,
904 3342 992 3427 quod
1009 3342 1093 3403 votis

80 3439 225 3502 omnibus
254 3439 426 3523 optandum
454 3452 540 3517 erat,
578 3458 612 3509 nt
640 3456 723 3513 esset
746 3446 825 3509 loris
851 3444 986 3519 bellum,
1025 3464 1091 3527 quo

78 3538 166 3605 istam
205 3560 435 3622 exponeremus
472 3542 716 3621 multitudinem,
774 3545 923 3609 divinitus
959 3544 1090 3621 accidit,

77 3638 226 3709 divinitus
254 3640 401 3725 inquam,
440 3652 475 3711 ut
504 3642 639 3707 bellandi
668 3655 776 3706 contra
806 3646 928 3709 'l'nrcas
948 3656 979 3705 et
999 3664 1092 3705 causa

75 3752 173 3816 esset,
212 3750 243 3801 et
275 3740 441 3804 necessitas
461 3740 559 3818 W).
584 3744 715 3829 ¹lterum
750 3728 847 3823 igitur
884 3742 976 3818 dico,
1021 3742 1092 3826 apris

76 3860 201 3919 sperare
245 3842 307 3913 hoe
350 3862 442 3915 ausus
482 3838 580 3911 erat?
638 3842 702 3906 Sed
746 3840 803 3907 ista
847 3862 913 3923 (pro
955 3840 1092 3923 optatius

74 3926 173 4011 nobis
206 3942 372 4020 eveniunt,
425 3963 464 4007 eo
509 3940 693 4011 obstinatius
738 3940 934 4016 conandum,
983 3960 1023 4000 ne
1059 3950 1091 4000 et

30 4031 32 4035 ’
73 4052 187 4103 nostae
217 4040 356 4109 defuisse
388 4039 581 4116 necessitati,
622 4054 654 4104 et
684 4041 883 4105 occasionem
912 4038 1090 4119 immersisse

75 4140 312 4221 pulcherrimam
327 4140 499 4213 videamur.
528 4142 624 4207 Multi
642 4136 746 4226 egent.
775 4140 870 4203 lllulti
882 4140 919 4216 †)
936 4138 1089 4217 esuriunt,

78 4258 271 4285 ···—.·-·v·-·

108 4319 138 4379 *t
155 4330 187 4385 F,
204 4331 221 4374 t.
258 4320 305 4389 ’4)
323 4334 372 4388 stt,
397 4333 472 4379 esset.
509 4321 571 4389 Μ)
589 4332 687 4379 stesso.
722 4320 801 4389 'ml
818 4337 885 4378 met
904 4330 967 4377 saeta
985 4331 1089 4379 osroott

107 4411 323 4470 durchacstn'ahsn.
355 4414 390 4474 τ)
403 4417 436 4462 M
443 4445 452 4471 ,
470 4414 544 4461 malit
