2624 5108
654 131 655 143 l

541 769 579 844 in
604 771 753 844 ancaa.
1087 776 1157 854 stt

145 967 221 1030 Haec
240 964 296 1028 ubi
319 963 507 1037 considero,
540 971 573 1025 et
596 982 667 1026 enm
685 961 820 1047 antiquis
839 962 896 1027 illis
915 963 1065 1029 nostratia
1082 985 1159 1030 con·

145 1067 237 1138 lero,
271 1083 432 1145 nunquam
454 1061 568 1125 desino
593 1072 785 1141 suspectam,
819 1064 988 1144 presertim
1015 1067 1097 1129 ultro
1123 1087 1159 1131 se

145 1164 236 1226 nobis
256 1164 479 1237 insinuantem,
498 1158 592 1240 hujus
611 1161 736 1244 generis
754 1161 1016 1227 consultationem
1031 1166 1158 1230 habere.

146 1265 271 1343 Quare,
302 1273 337 1324 nt
356 1262 454 1324 libere
473 1261 593 1336 dicam,
622 1261 711 1342 quod
734 1261 854 1337 sentio,
881 1282 947 1323 non
971 1262 1073 1326 minus
1098 1266 1160 1328 hoe

146 1373 247 1441 coepto
273 1361 376 1437 hello,
415 1363 548 1424 Romam
570 1359 688 1437 uobis,
725 1370 822 1442 'quarn
851 1362 959 1425 Asiam
989 1366 1159 1429 curandam

146 1483 272 1526 censeo.
312 1464 449 1523 'santum
467 1461 573 1535 abest,
603 1470 638 1521 nt
656 1460 696 1520 ad
716 1461 1063 1527 Reverendissimorum
1075 1452 1160 1529 ¹eon·

147 1563 224 1628 sulta
243 1562 361 1645 aliquid
380 1582 437 1624 vos
456 1581 550 1639 agere
570 1559 673 1621 velim.
721 1559 753 1621 A
776 1559 868 1623 vobis
894 1561 998 1623 omnia
1023 1565 1160 1642 petenda

146 1673 228 1726 sunt.
248 1663 334 1725 Inter
348 1683 406 1725 vos
419 1661 606 1742 capiendum
617 1657 796 1732 consilinm,
816 1659 929 1723 necilli
942 1642 1061 1726 insidiis
1075 1664 1159 1746 pleni

146 1763 271 1826 aliunde
287 1761 469 1824 admittendi
488 1762 693 1823 consultores.
732 1759 880 1823 Nondum
899 1761 1018 1843 aliquid
1037 1763 1159 1826 consilii

144 1862 253 1942 inopia
266 1862 457 1944 neglexistis.
482 1862 642 1922 Hactenus
656 1858 818 1921 ‹tiseordiae
829 1857 1051 1939 impedimento
1066 1862 1158 1925 vobis

146 1961 304 2023 obsnistis.
330 1963 431 2040 Onam
441 1959 468 2022 si
479 1959 607 2042 quando
618 1957 804 2033 oxehrdntis,
816 1978 853 2022 ae
870 1960 908 2021 ad
927 1981 985 2021 ros
1004 1960 1157 2036 redeatis,

145 2060 178 2123 in
188 2071 336 2141 promptu
346 2057 528 2133 eonsilium,
544 2059 577 2123 in
589 2069 735 2140 promptu
743 2060 825 2129 salus
835 2057 904 2123 erit.
923 2061 966 2121 Et
977 2057 1006 2133 ζ’)
1017 2062 1158 2125 excludi·

145 2171 194 2236 te,
208 2180 284 2234 oro,
304 2170 335 2219 et
348 2159 387 2220 ad
400 2178 458 2221 ros
471 2158 582 2220 redite.
618 2158 840 2224 Potentissimo
854 2178 925 2219 cum
937 2158 1045 2232 hoste,
1063 2169 1159 2239 utque

144 2276 186 2318 eo
203 2257 441 2321 instructissimo
459 2267 491 2319 et
510 2255 572 2337 jam
591 2278 692 2339 prope
711 2257 881 2320 constituto
901 2255 1084 2318 certandum
1101 2268 1158 2319 est.

145 2356 209 2433 (tui
227 2376 298 2417 cum
316 2356 388 2418 satis
410 2356 528 2439 alioqui
546 2357 731 2421 metuendus
751 2356 911 2428 videatur,
933 2366 999 2417 tum
1017 2354 1159 2435 inprimis

143 2456 216 2519 ltuic
238 2454 357 2515 nationi
379 2455 519 2519 infensus
541 2468 597 2519 est.
636 2456 732 2537 Quod
758 2475 830 2515 cum
858 2454 949 2517 robis
975 2475 1158 2535 persuasum

145 2566 271 2636 putem,
294 2554 378 2635 agite
397 2554 533 2620 vicissim
551 2558 665 2619 malum
683 2552 845 2615 intendite.
884 2551 1025 2616 Primum
1046 2554 1158 2615 turea

144 2654 301 2716 communi
319 2654 460 2716 omnium
479 2654 729 2719 Christianorum
749 2651 825 2714 odio
845 2662 1008 2727 tenentur,
1040 2651 1156 2716 deindo

143 2756 222 2817 hanc
234 2753 389 2835 praecipue
402 2753 560 2817 nationem
573 2752 696 2813 infense
711 2752 857 2815 oderrmt.
892 2752 1028 2817 Reddite
1043 2752 1156 2826 vicem,

143 2875 180 2916 ac
203 2875 260 2933 par
288 2853 355 2933 pari
381 2852 519 2916 relerte!
568 2852 667 2915 ttecre
692 2852 807 2920 malurn
835 2853 871 2914 fit
898 2851 952 2926 ei,
990 2852 1046 2935 qui
1076 2854 1157 2915 male

144 2955 316 3027 volentem,
336 2974 408 3016 cum
426 2963 549 3033 posset,
576 2971 642 3013 non
661 2950 823 3033 provenit.
861 2950 1057 3033 Negligentla
1074 2952 1158 3013 nulla

143 3052 340 3113 inimicorum
367 3072 407 3112 ne
435 3050 574 3130 suspicio
604 3051 732 3135 quidem
759 3061 817 3115 est.
869 3050 1056 3133 Praecingite
1085 3071 1158 3128 vos,

143 3149 314 3228 erumpite,
352 3149 555 3211 invehimini!
604 3150 754 3232 Magnam
785 3150 891 3231 operis
921 3161 1062 3231 partem,
1100 3150 1158 3233 qui

144 3250 277 3329 incepit,
297 3248 440 3328 perfecit.
477 3248 652 3316 Consilium
671 3261 734 3328 est,
753 3251 889 3331 perdere
908 3270 996 3323 eum,
1021 3248 1078 3334 qui
1097 3267 1157 3310 tros

144 3349 301 3431 porditum
319 3349 352 3410 it.
392 3347 456 3428 Qui
474 3369 539 3412 non
560 3351 722 3432 quomodo
745 3349 838 3415 nohis
862 3350 1015 3430 imperet,
1045 3346 1104 3411 sed
1122 3356 1159 3409 ut

142 3461 275 3512 mortem
307 3447 434 3522 inferat,
464 3448 639 3513 meditatur.
684 3449 748 3530 Qui
778 3471 845 3513 non
871 3448 986 3531 opinus
1014 3445 1154 3511 numeris

142 3548 255 3625 irthiat,
284 3549 341 3611 sed
359 3547 430 3609 vitae
448 3547 622 3611 insidiatur.
661 3546 766 3625 cujus
783 3560 917 3612 nonest
935 3548 1094 3622 studium,
1121 3552 1158 3607 nt

141 3669 201 3712 nos
219 3647 359 3730 subigat,
385 3646 442 3710 sed
459 3658 495 3708 ut
513 3646 682 3721 interimat,
709 3657 744 3709 ut
761 3647 908 3709 trucidet.
946 3648 1051 3726 Quem
1070 3647 1154 3707 nulla

141 3759 226 3812 tenet
246 3767 418 3830 regnorum
435 3755 617 3809 nostrorum
634 3744 772 3826 cupido,
798 3744 856 3806 sed
874 3743 1048 3807 insatianda
1065 3742 1158 3804 caedis

142 3867 178 3908 ac
196 3847 357 3927 sqnguinis
380 3844 457 3910 sitis.
490 3843 559 3927 Qui
583 3864 642 3906 nos
668 3842 808 3907 omnium
835 3841 998 3904 trationum
1021 3839 1158 3903 maxime

141 3948 296 4009 extinctos
313 3948 390 4011 vult.
429 3946 493 4028 Qui
512 3955 632 4029 quanto
650 3941 723 4025 quis
743 3941 864 4029 virtute,
883 3939 1079 4020 praestantior
1098 3949 1157 4016 est,

140 4057 226 4108 tanto
255 4044 408 4113 infensius
435 4046 502 4108 odit
526 4064 563 4107 ac
589 4041 808 4125 persequitur,
840 4037 938 4103 lrostis
966 4036 1157 4114 hominibus,

138 4145 238 4209 hostis
257 4143 419 4225 religioni,
436 4143 532 4210 immo
545 4165 624 4207 vcro
638 4141 737 4208 hostis
750 4137 952 4214 humanitati,
966 4137 1065 4203 hostis
1074 4138 1156 4205 Deo.

176 4347 201 4409 lt
218 4359 270 4403 Et:
288 4359 331 4402 Ae.
