2624 5108
457 803 499 879 'in
522 798 674 881 Turcas.
1009 801 1080 885 tas

59 1001 223 1078 resarciri,
250 997 388 1064 nuncin
406 1020 519 1085 magna
537 1020 645 1064 rerum
663 999 865 1077 necessitate,
892 1017 959 1064 non
978 1003 1080 1065 omui·
1119 976 1143 1019 α
1165 1032 1174 1039 ·

56 1106 118 1169 bus
139 1102 290 1185 depositis
310 1103 424 1183 passim
443 1100 664 1176 simultatibus,
686 1101 814 1165 offensis
834 1123 870 1163 ac
892 1101 1081 1183 inimicitiis,

59 1205 198 1270 unanimi
218 1222 377 1266 consensu
399 1202 513 1264 Tuscis
538 1200 615 1284 (qui
649 1200 676 1264 si
703 1203 768 1264 haec
794 1202 894 1278 desit,
928 1224 1022 1288 quam
1040 1226 1083 1268 cx

61 1316 164 1370 vestra
183 1305 380 1369 dissensione
406 1304 612 1384 operiuntur,
644 1304 788 1379 occasio,
820 1305 939 1367 frustra
962 1304 995 1365 in
1022 1326 1083 1368 nos

59 1407 211 1489 impetum
230 1406 383 1482 fecerint)
404 1404 586 1468 obsistetis?
619 1404 682 1467 Scd
704 1416 740 1467 ut
767 1405 843 1467 nulli
865 1405 929 1468 sint
952 1407 1084 1483 Tuscae,

59 1519 99 1569 ut¹
112 1510 216 1570 nullus
239 1508 364 1570 aliunde
383 1517 503 1581 metus,
523 1517 627 1569 tamen
649 1505 710 1586 ipsi
732 1505 906 1568 Germaniae
933 1524 1015 1589 opus
1038 1518 1086 1569 est

54 1610 232 1671 concordia
251 1609 447 1688 Principum.
485 1609 588 1688 Ossam
606 1605 667 1667 nisi
686 1606 788 1669 statim
808 1606 999 1684 obtinuerit,
1018 1608 1085 1671 suis

60 1709 129 1790 ipsa
153 1711 293 1790 peritura
319 1709 440 1772 uiribus
467 1719 525 1769 cst.
562 1710 671 1790 Atque
698 1708 759 1769 hoc
787 1707 858 1790 quis
882 1728 950 1771 non
969 1708 1085 1786 sentit,

60 1810 117 1893 qui
143 1811 241 1873 modo
268 1811 372 1886 videt,
401 1820 543 1871 vestrum
570 1806 714 1891 quotidie
742 1807 865 1890 aliquos
891 1805 1016 1871 frivolis
1042 1830 1085 1872 ex

61 1912 179 1985 causis,
218 1921 342 1973 mutuas
377 1907 575 1970 incursiones
611 1907 744 1970 facere?
782 1929 899 1989 pecora
931 1908 1086 1992 abigere?

60 2010 148 2073 villas
168 2020 199 2072 et
213 2011 244 2085 *l
265 2011 353 2071 vicos
374 2008 534 2070 enuere?
564 2028 657 2091 agros
679 2007 847 2090 populari?
876 2020 1000 2090 segetes
1027 2005 1086 2071 ob-

60 2111 192 2174 terere?
212 2109 341 2173 finitima
362 2130 496 2193 quaeque
513 2119 600 2170 vasta
616 2107 777 2170 reddere?
797 2108 867 2171 Jam
881 2107 975 2170 etiam
989 2108 1086 2171 urbes

63 2213 211 2274 obsidere
233 2233 269 2273 ac
287 2230 473 2293 expugnare
492 2221 524 2270 et
542 2210 631 2293 quasi
647 2210 676 2271 Τ
678 2230 827 2273 ursarum
843 2206 964 2289 regiam
983 2226 1090 2289 coepe⁴

60 2313 142 2386 rint,
175 2312 220 2372 sic
246 2312 328 2372 iutra
354 2309 527 2372 Germaniae
555 2331 785 2393 nonnunquam
811 2307 930 2391 oppida
955 2306 1023 2390 igni
1051 2327 1088 2368 ac

62 2411 151 2472 ferro
172 2412 330 2492 grassari?
363 2412 431 2472 Nec
451 2432 468 2472 a
489 2431 539 2473 rue
559 2421 663 2474 tamen
682 2410 746 2472 dici
765 2408 840 2483 ista,
866 2407 956 2492 quasi
977 2428 1087 2470 omnes

62 2532 122 2573 vos
141 2512 260 2572 trabam
279 2510 312 2572 in
341 2513 420 2574 hauc
439 2514 560 2592 culpam
579 2511 713 2592 putetis,
747 2521 800 2573 aut
821 2511 861 2573 de
883 2507 1029 2571 omuibus
1048 2508 1089 2570 sit

64 2612 129 2673 baec
154 2610 246 2673 fama.
293 2611 330 2673 ld
366 2612 456 2694 quod
488 2614 585 2675 semel
610 2611 774 2693 praefatum
800 2631 870 2674 esse
897 2611 971 2675 satis
1001 2610 1089 2671 volo.

66 2712 203 2773 Omnino
224 2723 297 2774 sunt
316 2713 372 2794 qui
390 2714 456 2774 hacc
480 2711 598 2774 faciant
617 2710 724 2793 aliqui.
761 2712 805 2774 Et
823 2709 880 2794 qui
900 2710 975 2790 (sed
995 2709 1090 2772 venia

64 2811 149 2872 dicto
176 2813 236 2888 sit)
271 2812 438 2875 discordiis
464 2832 502 2873 ac
528 2810 754 2887 seditionibus,
786 2811 869 2874 miro
893 2810 1022 2886 studio,
1056 2820 1090 2872 et

63 2911 206 2991 apposita
235 2913 398 2996 diligentia
426 2914 501 2976 daut
534 2930 680 2992 operam3
712 2912 769 2995 qui
799 2913 925 2996 rapiunt
951 2932 987 2972 ac
1013 2911 1090 2974 diri·

62 3011 170 3090 piunt;
190 3032 247 3090 per
264 3035 347 3095 quos
364 3015 416 3088 fir,
437 3025 488 3089 ut,
510 3012 599 3096 quod
616 3010 674 3074 iste
690 3019 947 3075 dlaaeimilionus
966 3031 1089 3075 summo

65 3120 180 3170 conatu
192 3112 362 3189 probibere
373 3115 495 3186 studet,
508 3094 669 3201 uunquam
677 3113 727 3187 aaa)
734 3110 904 3173 latrociniis
913 3131 979 3173 non
990 3112 1090 3174 abun·

65 3208 118 3270 det
136 3209 319 3285 Geunauia,
341 3221 378 3271 ut
397 3211 579 3273 devastetur
596 3211 696 3293 patria
712 3230 749 3273 ac
768 3210 1008 3274 comminuatur.
1044 3210 1096 3276 Ut

64 3309 266 3391 tranquillum
285 3308 325 3370 sit
340 3309 391 3370 hic
402 3309 494 3383 nihil,
512 3310 617 3373 omnia
632 3310 733 3375 turbis
744 3333 780 3373 ac
791 3310 976 3375 tumultibus
987 3313 1094 3397 plena.-

65 3411 168 3490 Quam
197 3407 431 3489 indignitatem,
471 3410 498 3472 si
526 3412 582 3494 qui
613 3412 715 3474 exteri
748 3411 953 3487 inveherent,
984 3409 1092 3491 'parati

64 3528 204 3572 essemus
239 3508 387 3572 atrociter
422 3510 542 3574 ulcisci.
598 3513 693 3575 Nunc
727 3532 799 3576 cum
835 3514 882 3577 his
923 3509 1090 3577 autoribus

64 3609 277 3684 destruamur,
320 3608 436 3692 quibus
468 3611 692 3674 defensoribus
721 3624 807 3676 tutos
835 3635 905 3676 esse
936 3616 1089 3697 oportuit,

64 3707 270 3770 continemus
295 3728 354 3771 uos
375 3710 526 3792 quidem,
565 3711 623 3773 sed
647 3722 751 3772 tamen
769 3713 912 3774 nonnihil
932 3734 1013 3795 saepe
1032 3734 1091 3796 per

65 3808 288 3889 impatientiam
303 3809 479 3885 mussitant,
501 3809 617 3892 quibus
629 3808 760 3873 liberior
775 3823 823 3874 est
839 3824 960 3876 natura.
980 3817 1090 3896 Atque

66 3909 447 3993 aliquem'uounuuquam
463 3914 637 3974 exclamare
650 3910 807 3990 ,uidimus
845 3909 934 3976 lst'ud
947 3931 1027 3974 vero
1043 3922 1092 3974 est

67 4007 142 4069 ovili
157 4010 248 4089 lupos
264 4011 396 4090 prefici,
418 4032 513 4091 capro
529 4011 670 4087 vitream,
687 4029 783 4091 capro
799 4013 910 4074 hortos
928 4011 1092 4076 committi.

69 4109 231 4188 Quosdam
257 4110 305 4171 his
335 4111 502 4173 atrociora.
542 4113 621 4191 Quo
645 4130 720 4174 cum
744 4131 785 4172 eo
804 4112 949 4203 tendant,
975 4122 1012 4173 ut
1030 4102 1091 4175 nisi

66 4227 126 4269 vos
146 4208 250 4270 istum
278 4209 450 4272 emendetis
470 4220 601 4288 statum,
632 4211 781 4276 avestris
802 4211 895 4277 voltis
914 4210 1089 4294 periculum

100 4410 130 4472 ‘i
149 4429 192 4479 et,
212 4434 247 4468 ac.
285 4413 330 4474 *U
347 4437 487 4483 nunquam,
506 4438 536 4473 ue
556 4438 666 4484 unquam.
