2624 5108
681 133 682 150 l

556 748 594 821 in
619 747 769 821 Turces.
1106 752 1175 823 611

157 944 268 1024 prule
287 942 444 1016 dulcedo,
470 939 512 1004 acl
531 938 637 1005 onmia
660 939 735 1003 belli
752 937 952 1003 incommode
975 934 1110 1003 luenda
1129 938 1179 1025 in·

156 1043 362 1105 duraverunt.
399 1042 483 1103 Eum
497 1040 681 1124 inquam*),
704 1039 761 1122 qui
776 1039 875 1122 qimlis
891 1037 990 1123 qualis
1006 1048 1071 1116 est,
1092 1058 1178 1105 eruto

155 1143 264 1217 habet,
299 1162 420 1224 equor,
450 1141 556 1217 viror,
585 1160 701 1215 naves,
733 1150 765 1200 et
789 1140 866 1203 illud
892 1158 958 1223 quo
984 1138 1089 1201 omnia
1113 1141 1177 1205 hoe

155 1253 299 1321 tempore
324 1241 548 1325 expugnabilia
570 1241 735 1315 videntur,
766 1260 888 1307 nutum·
931 1238 1002 1304 lam
1025 1251 1177 1325 quantum

155 1341 252 1405 mrimi
275 1342 327 1404 illa
351 1341 471 1404 addidit
490 1341 618 1422 Syriaca
635 1339 795 1402 victoria?
826 1337 985 1420 magnifici
1005 1338 1178 1421 triumphi?

154 1442 292 1523 superba
307 1441 435 1524 spolia?
469 1442 645 1505 Plurimum
661 1439 813 1503 momenti
828 1438 938 1515 habet,
960 1460 980 1501 o
993 1439 1176 1521 Principes!

153 1544 188 1608 in
203 1544 287 1607 bello
305 1544 388 1619 dux,
411 1544 510 1618 adeo,
529 1553 565 1605 ut
581 1563 663 1623 repe
680 1541 845 1622 desperata
860 1539 993 1603 victoria
1008 1542 1079 1605 solo
1099 1562 1176 1604 con·

155 1656 265 1724 specto
294 1644 376 1705 duce
403 1641 575 1723 respirarit.
627 1641 671 1705 Ut
695 1639 824 1703 maxirni
850 1660 931 1723 supe
957 1639 1115 1705 exercitur
1141 1641 1176 1705 in

153 1745 263 1828 lugam
288 1734 472 1826 profligati,¹
498 1742 558 1806 rub
585 1740 782 1822 imperatoria
807 1740 994 1819 adventum,
1029 1741 1177 1806 converri

154 1846 228 1907 aiut.
266 1845 321 1906 llle
340 1843 448 1906 verbis
465 1841 548 1923 regit
567 1843 704 1916 animos,
726 1839 777 1903 ille
794 1851 876 1905 nutu
893 1840 1024 1905 allectus
1043 1863 1177 1907 suorum

154 1944 336 2007 moderatur
354 1953 387 2004 et
401 1944 453 2005 vel
469 1944 535 2005 sola
551 1941 601 2005 sui
613 1939 777 2022 praesentia
792 1939 922 2005 vincere
940 1941 1027 2009 lacit,
1059 1943 1175 2007 Nonne

154 2043 310 2127 quosdam
333 2041 451 2124 legistis
476 2042 579 2105 media
604 2062 710 2125 pugna
728 2062 820 2125 ,egro
845 2061 984 2121 corpore
1008 2039 1042 2103 in
1065 2043 1178 2109 lectica

153 2143 343 2225 productos,
362 2141 511 2209 militibus
529 2143 655 2206 auxisse
670 2141 790 2207 animoa
808 2139 841 2203 in
858 2150 992 2214 tautum,
1013 2150 1048 2201 nt
1063 2153 1176 2220 preter

153 2261 244 2321 apem
262 2240 454 2303 vincerent?
490 2242 620 2305 Praetu
637 2243 699 2306 lroe
718 2240 915 2314 obedientia,
936 2236 1028 2321 cnjus
1050 2248 1179 2320 oportet

70 2404 71 2408 ,
153 2340 383 2403 tenacissimum
409 2363 479 2405 esee
502 2341 535 2404 iu
559 2363 595 2405 re
618 2340 741 2405 militari
764 2340 935 2403 vinculum.
974 2336 1063 2420 Quid
1088 2336 1176 2405 aliud

151 2442 264 2503 volunt
284 2441 368 2502 euim
390 2441 440 2504 illa
465 2460 577 2504 severa
606 2443 824 2507 Romanorum
852 2449 997 2501 veterum
1018 2442 1174 2525 exempla,

153 2561 248 2624 qiram
266 2560 377 2621 parere
393 2542 483 2616 duci,
516 2541 549 2604 id
568 2559 638 2605 eree
656 2538 809 2605 vincere?
845 2537 908 2602 Cui
927 2538 1072 2627 instituto
1092 2543 1173 2632 adep

151 2640 194 2704 illi
213 2642 397 2716 studebant,
427 2640 529 2703 uteie
556 2640 677 2720 ingrata
701 2639 814 2715 suerit,
845 2652 957 2721 preter
975 2639 1174 2723 imperatorie

151 2743 261 2804 scitum
275 2753 364 2821 parta
376 2740 519 2805 victoria.
551 2745 697 2819 Quorum
714 2738 810 2824 aliqui
825 2740 858 2803 in
872 2740 1022 2823 proprios
1034 2742 1173 2827 animad-

149 2853 314 2905 verterunt
333 2842 438 2918 lilios,
474 2843 563 2926 quod
590 2838 712 2921 injussu
737 2861 798 2904 auo
826 2839 975 2913 vicissent
1001 2841 1094 2905 ctiam
1121 2843 1175 2909 alii

149 2941 354 3024 ignominiam
373 2942 583 3007 obverteruut
602 2942 658 3018 iis,
679 2940 737 3027 qui
754 2952 882 3005 strenue
900 2939 1029 3024 quidem
1051 2965 1173 3028 pugna·

147 3060 280 3117 nerant,
300 3045 437 3105 sednon
449 3065 492 3107 ex
504 3044 638 3124 imperio
651 3058 880 3126 pugnaverant.
901 3040 1064 3120 Omnino,
1077 3043 1173 3109 Prin·

147 3141 255 3222 cipes,
274 3140 348 3203 huic
374 3141 509 3221 irnperio
535 3143 727 3223 imperatore
753 3163 835 3225 opus
853 3152 929 3218 est,
960 3144 1102 3227 quernei
1121 3145 1172 3209 aui

147 3256 338 3317 vereantur,
359 3263 508 3325 magnum
525 3242 559 3305 id
576 3262 643 3319 em,
661 3249 688 3307 ei
707 3258 811 3309 emerit
829 3248 938 3319 ctiam,
956 3244 1054 3307 multo
1072 3244 1173 3309 maxi·

145 3362 241 3407 mum.
285 3342 330 3405 At
352 3341 390 3407 ai
404 3339 491 3417 justa
515 3340 647 3419 laniant,
678 3346 763 3409 satie.
806 3344 997 3427 Prospicerc
1023 3344 1085 3409 hoc
1111 3358 1173 3411 vot

144 3442 252 3517 decet,
272 3461 313 3504 ne
326 3439 355 3503 ei
366 3460 451 3503 nune
463 3440 627 3505 benevolis
644 3449 877 3509 Maximillam
892 3442 1084 3522 hortatibua,
1103 3466 1172 3511 nort

145 3542 297 3624 pareatis,
330 3544 401 3616 liet,
420 3556 468 3617 eut
486 3540 655 3622 imperator
676 3561 713 3604 ac
731 3541 800 3605 sine
820 3543 931 3611 ordine
951 3557 984 3607 ct
1003 3545 1172 3631 discipline

143 3642 343 3721 divagantes,
359 3639 582 3705 invadentibus
592 3637 725 3731 'lumin
742 3659 817 3705 aero
831 3639 921 3705 nimir
935 3645 1091 3727 meretis,
1111 3646 1170 3728 qui

142 3741 259 3805 bellum
274 3742 383 3816 ducat,
405 3740 461 3824 qui
475 3739 576 3820 eopiie
590 3740 713 3820 presit,
732 3736 825 3821 cujus
841 3742 986 3823 auspiciis
998 3746 1032 3809 in
1046 3748 1170 3810 hostem

142 3851 313 3923 pugnetur.
351 3842 440 3905 Oves
459 3861 592 3924 quoque
607 3850 768 3919 pastorem
783 3841 885 3903 minus
901 3856 1091 3925 sequenter,
1112 3844 1170 3909 ubl

141 3942 288 4022 disperse
307 3943 442 4018 suerint,
468 3942 554 4005 haud
576 3940 668 4003 facile
688 3940 736 4018 ea)
752 3958 999 4023 congregantur.
1038 3941 1169 4027 Eadem

141 4042 303 4123 irrupente
323 4044 423 4123 lupo,
455 4053 587 4124 repente
613 4039 746 4129 quidem
768 4060 805 4103 ac
831 4041 932 4117 ultro,
962 4041 1021 4105 red
1047 4063 1165 4131 magno

139 4161 199 4208 auo
225 4144 306 4203 malo
334 4141 374 4203 ad
399 4162 530 4224 gregem
555 4142 744 4225 confugiunt
762 4152 795 4204 et
812 4146 971 4226 pastorem
989 4147 1166 4231 requlrunt.

143 4252 336 4277 ιιι--Α-

174 4342 205 4410 ¹⁸)
222 4354 322 4409 inquam
341 4353 402 4400 uacli
418 4355 476 4402 Earn
493 4356 624 4417 belrefort
668 4349 715 4419 Ἠ1)
732 4361 799 4407 laud
812 4361 910 4412 facite:
937 4360 1038 4413 difficile.
