2624 5108
152 879 218 954 172
388 875 430 948 ln
456 827 642 949 Ulrichum
664 873 915 973 Wirtenberg.

148 1069 314 1141 auxilium,
349 1067 507 1143 lahorem,
537 1076 570 1131 et
593 1065 778 1131 industriam
796 1065 961 1146 expositit,
997 1067 1055 1149 (psi
1072 1086 1164 1131 suam

148 1171 243 1234 fidem
253 1180 430 1249 promptam
442 1166 569 1243 lubuit,
580 1186 649 1231 non
661 1168 764 1231 solum
775 1166 915 1229 dedecus
927 1184 995 1228 non
1006 1166 1166 1248 agnoscis,

147 1272 205 1334 sed
240 1267 454 1349 impunitatem
484 1265 580 1332 etiarn
604 1264 738 1351 adsequi
763 1265 950 1342 contendis,
983 1277 1015 1332 et
1039 1267 1167 1331 laudem

148 1373 283 1434 allectas.
321 1371 509 1451 Quanquam
533 1368 566 1443 ¹⁶)
584 1388 652 1433 non
676 1388 714 1432 ea
740 1376 790 1429 est
806 1387 895 1429 mens
914 1377 987 1442 tua,
1021 1378 1054 1430 et
1071 1368 1167 1433 istum

147 1472 239 1535 nobis
275 1471 389 1531 iterum
416 1467 540 1531 fumum
568 1468 673 1543 efflas,
711 1486 778 1551 quo
805 1479 891 1531 mam
920 1464 1168 1547 conscientiam,

146 1584 230 1634 tuam
251 1567 504 1648 desperationem
524 1568 609 1649 apud
627 1568 687 1630 noi
706 1567 893 1633 dissimules·
930 1569 980 1634 Aa
1000 1568 1059 1646 aa)
1073 1568 1117 1632 ob
1134 1570 1168 1635 id

146 1672 304 1756 qnarrdam
330 1668 386 1732 tibi
413 1670 511 1731 laetam
529 1682 697 1748 persottam
716 1666 865 1743 induisti,
894 1670 1028 1733 alacrem
1045 1674 1168 1735 vottun

145 1771 295 1853 prefers,
320 1780 355 1831 ct
373 1769 479 1833 omitia
497 1767 608 1850 lingis,
639 1787 706 1852 quo
726 1788 767 1831 ne
788 1789 826 1831 ea
845 1789 916 1851 que
935 1780 967 1833 te
986 1768 1070 1835 iutus
1089 1792 1167 1835 oon·

145 1872 273 1947 ficiunt,
303 1869 419 1953 quibus
447 1878 576 1942 noctes,
605 1878 701 1950 atqtre
727 1867 797 1932 dies
821 1867 1037 1946 discruciatis,
1066 1873 1168 1953 palam

145 1974 239 2046 fiant,
283 1988 422 2052 cumque
463 1967 755 2031 innocentissimum
792 1970 968 2047 hominem,
1011 1971 1166 2048 amioum,

145 2071 310 2144 comitem,
336 2069 538 2144 familiarem,
562 2069 770 2133 domesticum
788 2070 1005 2148 interemeris,
1031 2071 1167 2135 malitio-

144 2193 233 2246 sum,
265 2170 415 2245 infidum,
448 2190 485 2233 ac
508 2169 723 2234 insidiatorem
756 2170 896 2233 occisum
920 2173 1032 2236 abste
1049 2171 1164 2237 refers.

144 2275 277 2335 Etcum
306 2292 348 2335 ex
375 2270 496 2334 insidiis
523 2269 631 2333 timide
651 2291 688 2333 sc
705 2271 891 2335 meticulose
912 2273 1164 2355 aggressionis,

142 2375 230 2438 forte
264 2393 301 2435 ac
330 2383 493 2434 strenuum
527 2369 649 2434 facinus
686 2391 948 2436 commemoras.··
986 2374 1085 2459 Quasi
1113 2387 1166 2438 aaut

145 2476 270 2537 occulta
289 2473 350 2536 sint
369 2484 423 2535 trra
441 2472 542 2546 sada,
572 2482 625 2533 aut
645 2491 770 2546 omnes,
801 2495 870 2555 quse
889 2474 935 2538 sic
954 2485 1089 2550 norunt,
1120 2475 1166 2539 sic

145 2574 288 2637 oblivisci
309 2573 440 2655 possint
496 2573 571 2634 Non
596 2571 707 2637 dubito
735 2573 851 2654 igitur,
884 2574 962 2656 quin
988 2574 1021 2635 in
1047 2574 1165 2637 intimis

146 2675 207 2738 tuis
227 2673 371 2737 medullis
398 2695 467 2736 mea
492 2683 637 2735 versetur
657 2670 758 2733 oratio
778 2673 903 2755 quoties
928 2691 1163 2749 commemoro,

144 2798 239 2858 quam
251 2787 285 2837 tu
299 2775 341 2838 sis
356 2774 500 2847 timidus,
519 2793 613 2854 quam
629 2771 854 2835 formidolosus
872 2771 1026 2835 carnifex.
1065 2774 1165 2852 Quod

143 2887 248 2938 tamen
271 2875 313 2936 ita
338 2873 437 2953 accipi
464 2872 558 2946 volo,
590 2883 625 2934 ut
654 2871 825 2962 intelligant
850 2872 1011 2949 homines,
1046 2885 1077 2935 te
1096 2895 1165 2936 non

143 2975 345 3039 abhorruisse
366 2974 405 3034 ab
425 2973 488 3034 ullo
509 2993 648 3055 unquam
666 2975 803 3048 scelere,
823 2975 881 3037 sed
899 2984 1042 3037 metuere
1062 2994 1162 3056 sepe,

143 3095 183 3136 ne
210 3094 282 3137 cum
307 3072 450 3154 periculo
477 3074 575 3137 malus
600 3072 654 3137 sis.
694 3075 792 3153 Quod
812 3073 839 3136 si
863 3085 982 3135 tantum
1002 3073 1061 3136 tibi
1080 3086 1163 3139 esset

143 3174 255 3250 animi,
280 3186 431 3259 quantum
451 3175 531 3237 inest
550 3173 746 3254 cupiditatis,
769 3194 866 3257 quem
877 3174 1036 3258 reliquum
1053 3175 1163 3240 domui

142 3289 202 3340 tuae
227 3275 385 3341 fecisses?
426 3277 530 3355 Quem
555 3296 620 3334 non
648 3272 850 3355 jugulasse?
892 3276 944 3339 cui
972 3297 1039 3338 non
1068 3277 1165 3342 istum

142 3390 309 3443 cruentum
337 3375 511 3456 pugionem
539 3375 750 3437 intentasses‘?
791 3378 881 3458 Ergo
906 3397 949 3437 ex
968 3398 1008 3441 eo
1030 3399 1163 3461 quoque

142 3478 282 3541 dedecus
308 3475 364 3536 tibi
392 3474 525 3536 adscribi
545 3475 656 3549 debet,
690 3478 779 3558 quod
798 3476 837 3538 ad
856 3477 974 3537 scelera
994 3477 1163 3542 subeunda

142 3574 215 3641 satis
235 3573 393 3639 animosus
419 3596 486 3642 non
511 3596 556 3639 es.
595 3574 696 3658 Atqui
716 3577 753 3636 ad
775 3579 854 3639 hanc
874 3575 1080 3658 improbitatis
1099 3590 1161 3642 turc

141 3685 262 3755 partem
282 3674 499 3753 explicandam
517 3698 603 3739 nova
623 3676 783 3752 oratione,
805 3689 836 3741 et
849 3698 1053 3762 eapsrquam
1067 3681 1163 3760 longa

142 3797 224 3856 opus
252 3787 352 3850 esset,
372 3779 459 3860 'quo
487 3799 596 3841 omnes
623 3778 848 3862 intelligerent,
887 3793 1039 3864 quantum
1065 3791 1100 3842 tu
1126 3781 1161 3842 in

143 3877 342 3943 Germaniam
370 3880 510 3943 dedecus
533 3879 705 3942 invexeris.
749 3881 828 3942 Nam
852 3879 880 3941 si
906 3901 1045 3964 pugnam
1063 3900 1161 3943 vocas

140 3981 221 4042 hano
239 3981 356 4042 caedem
375 3993 478 4058 tuam,
515 3992 600 4044 certe
624 3983 708 4043 hunc
732 3979 894 4062 pugnandi
914 4002 1036 4045 morem
1054 4001 1162 4063 neque

141 4080 240 4154 Galli,
268 4101 373 4165 neque
393 4081 479 4155 Itali,
506 4082 558 4143 vel
577 4080 729 4162 Hispani,
758 4092 810 4145 aut
829 4078 1020 4165 ulliusquam
1037 4080 1160 4144 finitimi

139 4181 180 4243 de
207 4181 335 4265 homine
359 4182 518 4245 Germano
536 4182 755 4262 suspicantur,
785 4183 884 4243 multo
903 4182 1007 4244 minus
1027 4182 1068 4245 da
1094 4202 1160 4252 eo,

140 4280 196 4362 qui
228 4284 295 4344 vult
324 4301 395 4345 esso
425 4281 582 4362 princeps.
623 4284 675 4346 Tu
705 4293 809 4350 autem
827 4303 899 4345 oum
918 4280 964 4344 sic
987 4283 1157 4346 adversum

140 4383 273 4453 amicos,
305 4394 339 4442 ut
366 4381 492 4445 minime
511 4385 699 4447 metuendos
726 4404 865 4467 pugnes,
895 4382 973 4467 quid
992 4384 1162 4447 adversum

175 4530 206 4598 ⁸)
226 4544 387 4602 Quonptsam,
411 4543 450 4588 At.
487 4534 534 4602 u)
551 4543 605 4594 Ac,
623 4543 663 4589 Et.
