<?xml version="1.0" encoding="UTF-8"?>
<!DOCTYPE html PUBLIC "-//W3C//DTD XHTML 1.0 Transitional//EN"
    "http://www.w3.org/TR/xhtml1/DTD/xhtml1-transitional.dtd">
<html xmlns="http://www.w3.org/1999/xhtml" xml:lang="en" lang="en">
 <head>
  <title>
</title>
<meta http-equiv="Content-Type" content="text/html;charset=utf-8" />
  <meta name='ocr-system' content='tesseract 3.04.00' />
  <meta name='ocr-capabilities' content='ocr_page ocr_carea ocr_par ocr_line ocrx_word'/>
</head>
<body>
  <div class='ocr_page' id='page_1' title='image "./ulrichiabhutten03mngoog_0081.png"; bbox 0 0 2624 5108; ppageno 0'>
   <div class='ocr_carea' id='block_1_1' title="bbox 143 826 901 927">
    <p class='ocr_par' dir='ltr' id='par_1_1' title="bbox 143 826 901 927">
     <span class='ocr_line' id='line_1_1' title="bbox 143 826 901 927; baseline -0.009 -20"><span class='ocrx_word' id='word_1_1' title='bbox 143 839 188 907; x_wconf 77' lang='lat'>68</span> <span class='ocrx_word' id='word_1_2' title='bbox 382 831 423 903; x_wconf 89' lang='lat' dir='ltr'>In</span> <span class='ocrx_word' id='word_1_3' title='bbox 446 827 630 903; x_wconf 85' lang='lat' dir='ltr'>Ulrichutn</span> <span class='ocrx_word' id='word_1_4' title='bbox 654 826 901 927; x_wconf 84' lang='lat' dir='ltr'>Wirtenberg.</span> 
     </span>
    </p>
   </div>
   <div class='ocr_carea' id='block_1_2' title="bbox 140 1019 1204 4293">
    <p class='ocr_par' dir='ltr' id='par_1_2' title="bbox 140 1019 1204 4293">
     <span class='ocr_line' id='line_1_2' title="bbox 142 1019 1147 1105; baseline -0.003 -18"><span class='ocrx_word' id='word_1_5' title='bbox 142 1023 410 1105; x_wconf 82' lang='lat' dir='ltr'>con&#39;Jtrnctisaime,</span> <span class='ocrx_word' id='word_1_6' title='bbox 438 1032 528 1083; x_wconf 85' lang='lat' dir='ltr'>extra</span> <span class='ocrx_word' id='word_1_7' title='bbox 541 1019 705 1096; x_wconf 69' lang='lat' dir='ltr'>insiliam,</span> <span class='ocrx_word' id='word_1_8' title='bbox 732 1040 804 1083; x_wconf 88' lang='lat' dir='ltr'>cum</span> <span class='ocrx_word' id='word_1_9' title='bbox 822 1020 913 1097; x_wconf 83' lang='lat' dir='ltr'>laude</span> <span class='ocrx_word' id='word_1_10' title='bbox 933 1038 1061 1083; x_wconf 76' lang='lat' dir='ltr'>mamma·</span> <span class='ocrx_word' id='word_1_11' title='bbox 1097 1022 1147 1084; x_wconf 79' lang='lat' dir='ltr'>Ea</span> 
     </span>
     <span class='ocr_line' id='line_1_3' title="bbox 142 1119 1145 1201; baseline -0.004 -14"><span class='ocrx_word' id='word_1_12' title='bbox 142 1126 222 1188; x_wconf 78' lang='lat' dir='ltr'>lanta</span> <span class='ocrx_word' id='word_1_13' title='bbox 247 1124 424 1187; x_wconf 86' lang='lat' dir='ltr'>universam</span> <span class='ocrx_word' id='word_1_14' title='bbox 448 1120 550 1184; x_wconf 82' lang='lat' dir='ltr'>atatim</span> <span class='ocrx_word' id='word_1_15' title='bbox 570 1119 767 1185; x_wconf 82' lang='lat' dir='ltr'>Germaniam</span> <span class='ocrx_word' id='word_1_16' title='bbox 790 1120 982 1201; x_wconf 84' lang='lat' dir='ltr'>impleverat.</span> <span class='ocrx_word' id='word_1_17' title='bbox 1030 1121 1145 1183; x_wconf 83' lang='lat' dir='ltr'>Amare</span> 
     </span>
     <span class='ocr_line' id='line_1_4' title="bbox 144 1218 1145 1304; baseline -0.005 -18"><span class='ocrx_word' id='word_1_18' title='bbox 144 1245 252 1287; x_wconf 86' lang='lat' dir='ltr'>omnes</span> <span class='ocrx_word' id='word_1_19' title='bbox 270 1225 373 1297; x_wconf 89' lang='lat' dir='ltr'>illum,</span> <span class='ocrx_word' id='word_1_20' title='bbox 393 1222 574 1285; x_wconf 84' lang='lat' dir='ltr'>desiderare</span> <span class='ocrx_word' id='word_1_21' title='bbox 588 1220 716 1297; x_wconf 82' lang='lat' dir='ltr'>videre,</span> <span class='ocrx_word' id='word_1_22' title='bbox 736 1218 909 1304; x_wconf 81' lang='lat' dir='ltr'>adjungere</span> <span class='ocrx_word' id='word_1_23' title='bbox 924 1218 985 1282; x_wconf 84' lang='lat' dir='ltr'>sibi</span> <span class='ocrx_word' id='word_1_24' title='bbox 996 1218 1145 1296; x_wconf 86' lang='lat' dir='ltr'>amicitia,</span> 
     </span>
     <span class='ocr_line' id='line_1_5' title="bbox 142 1319 1147 1405; baseline -0.002 -20"><span class='ocrx_word' id='word_1_25' title='bbox 142 1325 286 1397; x_wconf 87' lang='lat' dir='ltr'>laudare,</span> <span class='ocrx_word' id='word_1_26' title='bbox 305 1324 474 1397; x_wconf 74' lang='lat' dir='ltr'>extollere,</span> <span class='ocrx_word' id='word_1_27' title='bbox 500 1340 538 1381; x_wconf 84' lang='lat' dir='ltr'>ac</span> <span class='ocrx_word' id='word_1_28' title='bbox 549 1320 670 1405; x_wconf 82' lang='lat' dir='ltr'>ingenti</span> <span class='ocrx_word' id='word_1_29' title='bbox 686 1320 826 1383; x_wconf 85' lang='lat' dir='ltr'>certatim</span> <span class='ocrx_word' id='word_1_30' title='bbox 842 1319 1000 1402; x_wconf 81' lang='lat' dir='ltr'>praeconio</span> <span class='ocrx_word' id='word_1_31' title='bbox 1022 1320 1147 1383; x_wconf 83' lang='lat' dir='ltr'>ellerre.</span> 
     </span>
     <span class='ocr_line' id='line_1_6' title="bbox 144 1418 1149 1504; baseline 0 -19"><span class='ocrx_word' id='word_1_32' title='bbox 144 1424 222 1485; x_wconf 84' lang='lat' dir='ltr'>Nam</span> <span class='ocrx_word' id='word_1_33' title='bbox 241 1420 319 1503; x_wconf 87' lang='lat' dir='ltr'>quid</span> <span class='ocrx_word' id='word_1_34' title='bbox 340 1421 441 1483; x_wconf 89' lang='lat' dir='ltr'>dicam</span> <span class='ocrx_word' id='word_1_35' title='bbox 465 1440 548 1503; x_wconf 78' lang='lat' dir='ltr'>ego,</span> <span class='ocrx_word' id='word_1_36' title='bbox 583 1440 676 1504; x_wconf 84' lang='lat' dir='ltr'>quam</span> <span class='ocrx_word' id='word_1_37' title='bbox 703 1440 793 1483; x_wconf 78' lang='lat' dir='ltr'>carus</span> <span class='ocrx_word' id='word_1_38' title='bbox 820 1421 871 1483; x_wconf 85' lang='lat' dir='ltr'>ltic</span> <span class='ocrx_word' id='word_1_39' title='bbox 890 1419 1002 1483; x_wconf 77' lang='lat' dir='ltr'>Sacris</span> <span class='ocrx_word' id='word_1_40' title='bbox 1028 1418 1149 1485; x_wconf 81' lang='lat' dir='ltr'>tuerirt.</span> 
     </span>
     <span class='ocr_line' id='line_1_7' title="bbox 144 1516 1149 1602; baseline -0.001 -19"><span class='ocrx_word' id='word_1_41' title='bbox 144 1524 247 1601; x_wconf 78' lang='lat' dir='ltr'>Quam</span> <span class='ocrx_word' id='word_1_42' title='bbox 271 1539 364 1581; x_wconf 90' lang='lat' dir='ltr'>nemo</span> <span class='ocrx_word' id='word_1_43' title='bbox 391 1516 436 1580; x_wconf 87' lang='lat' dir='ltr'>ibi</span> <span class='ocrx_word' id='word_1_44' title='bbox 460 1520 634 1602; x_wconf 83' lang='lat' dir='ltr'>peregrino</span> <span class='ocrx_word' id='word_1_45' title='bbox 653 1532 784 1600; x_wconf 85' lang='lat' dir='ltr'>propter</span> <span class='ocrx_word' id='word_1_46' title='bbox 810 1519 956 1584; x_wconf 80' lang='lat' dir='ltr'>virtutem</span> <span class='ocrx_word' id='word_1_47' title='bbox 975 1518 1149 1583; x_wconf 79' lang='lat' dir='ltr'>inviderit?</span> 
     </span>
     <span class='ocr_line' id='line_1_8' title="bbox 144 1619 1151 1700; baseline 0 -18"><span class='ocrx_word' id='word_1_48' title='bbox 144 1623 246 1699; x_wconf 80' lang='lat' dir='ltr'>(luam</span> <span class='ocrx_word' id='word_1_49' title='bbox 272 1637 381 1680; x_wconf 84' lang='lat' dir='ltr'>omnes</span> <span class='ocrx_word' id='word_1_50' title='bbox 405 1629 537 1700; x_wconf 84' lang='lat' dir='ltr'>propter</span> <span class='ocrx_word' id='word_1_51' title='bbox 561 1619 743 1683; x_wconf 70' lang='lat' dir='ltr'>modestiam</span> <span class='ocrx_word' id='word_1_52' title='bbox 768 1619 955 1683; x_wconf 81' lang='lat' dir='ltr'>dilexerint?</span> <span class='ocrx_word' id='word_1_53' title='bbox 983 1620 1089 1684; x_wconf 89' lang='lat' dir='ltr'>Facile</span> <span class='ocrx_word' id='word_1_54' title='bbox 1116 1620 1151 1682; x_wconf 90' lang='lat' dir='ltr'>in</span> 
     </span>
     <span class='ocr_line' id='line_1_9' title="bbox 142 1717 1149 1802; baseline -0.002 -19"><span class='ocrx_word' id='word_1_55' title='bbox 142 1722 199 1783; x_wconf 85' lang='lat' dir='ltr'>hac</span> <span class='ocrx_word' id='word_1_56' title='bbox 214 1717 382 1780; x_wconf 75' lang='lat' dir='ltr'>calamitate</span> <span class='ocrx_word' id='word_1_57' title='bbox 401 1729 601 1800; x_wconf 86' lang='lat' dir='ltr'>perspectum</span> <span class='ocrx_word' id='word_1_58' title='bbox 618 1729 682 1793; x_wconf 90' lang='lat' dir='ltr'>eat,</span> <span class='ocrx_word' id='word_1_59' title='bbox 702 1719 864 1802; x_wconf 87' lang='lat' dir='ltr'>quomodo</span> <span class='ocrx_word' id='word_1_60' title='bbox 884 1718 1149 1783; x_wconf 80' lang='lat' dir='ltr'>affcctiadrersus</span> 
     </span>
     <span class='ocr_line' id='line_1_10' title="bbox 142 1816 1147 1901; baseline 0 -22"><span class='ocrx_word' id='word_1_61' title='bbox 142 1818 300 1881; x_wconf 85' lang='lat' dir='ltr'>viventem</span> <span class='ocrx_word' id='word_1_62' title='bbox 316 1817 452 1893; x_wconf 81' lang='lat' dir='ltr'>luerint,</span> <span class='ocrx_word' id='word_1_63' title='bbox 483 1817 539 1901; x_wconf 88' lang='lat' dir='ltr'>qui</span> <span class='ocrx_word' id='word_1_64' title='bbox 565 1818 612 1883; x_wconf 80' lang='lat' dir='ltr'>sic</span> <span class='ocrx_word' id='word_1_65' title='bbox 634 1820 745 1901; x_wconf 85' lang='lat' dir='ltr'>lugent</span> <span class='ocrx_word' id='word_1_66' title='bbox 765 1830 933 1881; x_wconf 81' lang='lat' dir='ltr'>mortuum.</span> <span class='ocrx_word' id='word_1_67' title='bbox 969 1816 1031 1879; x_wconf 86' lang='lat' dir='ltr'>His</span> <span class='ocrx_word' id='word_1_68' title='bbox 1050 1838 1147 1892; x_wconf 84' lang='lat' dir='ltr'>vcro,</span> 
     </span>
     <span class='ocr_line' id='line_1_11' title="bbox 140 1913 1148 1999; baseline 0 -18"><span class='ocrx_word' id='word_1_69' title='bbox 140 1916 209 1981; x_wconf 85' lang='lat' dir='ltr'>aive</span> <span class='ocrx_word' id='word_1_70' title='bbox 233 1913 275 1979; x_wconf 80' lang='lat' dir='ltr'>ita</span> <span class='ocrx_word' id='word_1_71' title='bbox 306 1918 550 1992; x_wconf 68' lang='lat' dir='ltr'>suacensem,</span> <span class='ocrx_word' id='word_1_72' title='bbox 581 1916 650 1981; x_wconf 86' lang='lat' dir='ltr'>sive</span> <span class='ocrx_word' id='word_1_73' title='bbox 677 1918 719 1981; x_wconf 90' lang='lat' dir='ltr'>ad</span> <span class='ocrx_word' id='word_1_74' title='bbox 743 1928 866 1999; x_wconf 87' lang='lat' dir='ltr'>tempus</span> <span class='ocrx_word' id='word_1_75' title='bbox 892 1916 1038 1979; x_wconf 79' lang='lat' dir='ltr'>simulans</span> <span class='ocrx_word' id='word_1_76' title='bbox 1062 1938 1148 1993; x_wconf 85' lang='lat' dir='ltr'>scae,</span> 
     </span>
     <span class='ocr_line' id='line_1_12' title="bbox 140 2014 1162 2098; baseline 0.002 -19"><span class='ocrx_word' id='word_1_77' title='bbox 140 2016 330 2098; x_wconf 82' lang='lat' dir='ltr'>perfidiosus</span> <span class='ocrx_word' id='word_1_78' title='bbox 352 2014 500 2095; x_wconf 81' lang='lat' dir='ltr'>juvenilis</span> <span class='ocrx_word' id='word_1_79' title='bbox 527 2016 652 2079; x_wconf 81' lang='lat' dir='ltr'>virtutis</span> <span class='ocrx_word' id='word_1_80' title='bbox 680 2018 860 2092; x_wconf 70' lang='lat' dir='ltr'>insidiator,</span> <span class='ocrx_word' id='word_1_81' title='bbox 894 2016 1040 2079; x_wconf 87' lang='lat' dir='ltr'>omnibus</span> <span class='ocrx_word' id='word_1_82' title='bbox 1065 2029 1162 2081; x_wconf 50' lang='lat' dir='ltr'>ante-¹</span> 
     </span>
     <span class='ocr_line' id='line_1_13' title="bbox 140 2117 1151 2201; baseline -0.002 -20"><span class='ocrx_word' id='word_1_83' title='bbox 140 2139 279 2201; x_wconf 85' lang='lat' dir='ltr'>ponere,</span> <span class='ocrx_word' id='word_1_84' title='bbox 300 2127 458 2181; x_wconf 83' lang='lat' dir='ltr'>ostentare</span> <span class='ocrx_word' id='word_1_85' title='bbox 480 2117 566 2197; x_wconf 85' lang='lat' dir='ltr'>apud</span> <span class='ocrx_word' id='word_1_86' title='bbox 584 2127 728 2193; x_wconf 79' lang='lat' dir='ltr'>exteros,</span> <span class='ocrx_word' id='word_1_87' title='bbox 756 2117 968 2181; x_wconf 82' lang='lat' dir='ltr'>fidelissimrmr</span> <span class='ocrx_word' id='word_1_88' title='bbox 984 2118 1151 2197; x_wconf 84' lang='lat' dir='ltr'>adpellare.</span> 
     </span>
     <span class='ocr_line' id='line_1_14' title="bbox 140 2215 1152 2297; baseline -0.003 -16"><span class='ocrx_word' id='word_1_89' title='bbox 140 2219 181 2281; x_wconf 82' lang='lat' dir='ltr'>Ei</span> <span class='ocrx_word' id='word_1_90' title='bbox 210 2215 404 2279; x_wconf 85' lang='lat' dir='ltr'>committere</span> <span class='ocrx_word' id='word_1_91' title='bbox 435 2236 564 2290; x_wconf 80' lang='lat' dir='ltr'>arcana3</span> <span class='ocrx_word' id='word_1_92' title='bbox 614 2215 889 2279; x_wconf 84' lang='lat' dir='ltr'>secretissimarum</span> <span class='ocrx_word' id='word_1_93' title='bbox 926 2234 1034 2278; x_wconf 85' lang='lat' dir='ltr'>rerum</span> <span class='ocrx_word' id='word_1_94' title='bbox 1068 2238 1152 2297; x_wconf 78' lang='lat' dir='ltr'>sape</span> 
     </span>
     <span class='ocr_line' id='line_1_15' title="bbox 141 2304 1152 2392; baseline -0.002 -12"><span class='ocrx_word' id='word_1_95' title='bbox 141 2315 271 2381; x_wconf 89' lang='lat' dir='ltr'>unicum</span> <span class='ocrx_word' id='word_1_96' title='bbox 286 2316 402 2379; x_wconf 87' lang='lat' dir='ltr'>habere</span> <span class='ocrx_word' id='word_1_97' title='bbox 419 2315 587 2392; x_wconf 84' lang='lat' dir='ltr'>arbitrum,</span> <span class='ocrx_word' id='word_1_98' title='bbox 606 2335 680 2379; x_wconf 89' lang='lat' dir='ltr'>eum</span> <span class='ocrx_word' id='word_1_99' title='bbox 697 2337 737 2378; x_wconf 94' lang='lat' dir='ltr'>eo</span> <span class='ocrx_word' id='word_1_100' title='bbox 757 2316 903 2379; x_wconf 84' lang='lat' dir='ltr'>conferre</span> <span class='ocrx_word' id='word_1_101' title='bbox 916 2318 1055 2392; x_wconf 73' lang='lat' dir='ltr'>occidte,</span> <span class='ocrx_word' id='word_1_102' title='bbox 1074 2304 1152 2378; x_wconf 80' lang='lat' dir='ltr'>cori·</span> 
     </span>
     <span class='ocr_line' id='line_1_16' title="bbox 141 2415 1151 2497; baseline -0.003 -17"><span class='ocrx_word' id='word_1_103' title='bbox 141 2418 298 2494; x_wconf 85' lang='lat' dir='ltr'>alliorum,</span> <span class='ocrx_word' id='word_1_104' title='bbox 326 2428 360 2479; x_wconf 90' lang='lat' dir='ltr'>et</span> <span class='ocrx_word' id='word_1_105' title='bbox 380 2418 411 2494; x_wconf 50' lang='grc' dir='ltr'>ὓ)</span> <span class='ocrx_word' id='word_1_106' title='bbox 434 2416 591 2481; x_wconf 79' lang='lat' dir='ltr'>factorum</span> <span class='ocrx_word' id='word_1_107' title='bbox 608 2415 769 2478; x_wconf 88' lang='lat' dir='ltr'>conscium</span> <span class='ocrx_word' id='word_1_108' title='bbox 784 2416 906 2489; x_wconf 82' lang='lat' dir='ltr'>facere,</span> <span class='ocrx_word' id='word_1_109' title='bbox 934 2436 970 2477; x_wconf 82' lang='lat' dir='ltr'>ac</span> <span class='ocrx_word' id='word_1_110' title='bbox 988 2418 1038 2492; x_wconf 61' lang='lat' dir='ltr'>*ll</span> <span class='ocrx_word' id='word_1_111' title='bbox 1057 2415 1151 2497; x_wconf 89' lang='lat' dir='ltr'>parti·</span> 
     </span>
     <span class='ocr_line' id='line_1_17' title="bbox 142 2514 1155 2599; baseline -0.004 -18"><span class='ocrx_word' id='word_1_112' title='bbox 142 2520 262 2599; x_wconf 86' lang='lat' dir='ltr'>cipem,</span> <span class='ocrx_word' id='word_1_113' title='bbox 297 2517 496 2592; x_wconf 75' lang='lat' dir='ltr'>familiarem,</span> <span class='ocrx_word' id='word_1_114' title='bbox 537 2535 573 2579; x_wconf 87' lang='lat' dir='ltr'>ac</span> <span class='ocrx_word' id='word_1_115' title='bbox 605 2514 746 2577; x_wconf 88' lang='lat' dir='ltr'>intimum</span> <span class='ocrx_word' id='word_1_116' title='bbox 771 2515 900 2578; x_wconf 87' lang='lat' dir='ltr'>habere.</span> <span class='ocrx_word' id='word_1_117' title='bbox 952 2516 1007 2577; x_wconf 88' lang='lat' dir='ltr'>llle</span> <span class='ocrx_word' id='word_1_118' title='bbox 1043 2528 1155 2577; x_wconf 84' lang='lat' dir='ltr'>corrtra</span> 
     </span>
     <span class='ocr_line' id='line_1_18' title="bbox 142 2615 1151 2698; baseline -0.006 -17"><span class='ocrx_word' id='word_1_119' title='bbox 142 2618 278 2682; x_wconf 88' lang='lat' dir='ltr'>intentus</span> <span class='ocrx_word' id='word_1_120' title='bbox 303 2635 373 2681; x_wconf 84' lang='lat' dir='ltr'>esse</span> <span class='ocrx_word' id='word_1_121' title='bbox 397 2618 437 2680; x_wconf 90' lang='lat' dir='ltr'>ad</span> <span class='ocrx_word' id='word_1_122' title='bbox 464 2617 569 2679; x_wconf 86' lang='lat' dir='ltr'>omnia</span> <span class='ocrx_word' id='word_1_123' title='bbox 594 2615 799 2698; x_wconf 82' lang='lat' dir='ltr'>exequenda,</span> <span class='ocrx_word' id='word_1_124' title='bbox 838 2615 949 2676; x_wconf 85' lang='lat' dir='ltr'>sedulo</span> <span class='ocrx_word' id='word_1_125' title='bbox 979 2615 1151 2676; x_wconf 83' lang='lat' dir='ltr'>observare</span> 
     </span>
     <span class='ocr_line' id='line_1_19' title="bbox 142 2712 1152 2800; baseline -0.006 -21"><span class='ocrx_word' id='word_1_126' title='bbox 142 2740 234 2781; x_wconf 86' lang='lat' dir='ltr'>suum</span> <span class='ocrx_word' id='word_1_127' title='bbox 250 2717 440 2800; x_wconf 87' lang='lat' dir='ltr'>principem,</span> <span class='ocrx_word' id='word_1_128' title='bbox 469 2718 610 2779; x_wconf 85' lang='lat' dir='ltr'>studiose</span> <span class='ocrx_word' id='word_1_129' title='bbox 632 2714 760 2789; x_wconf 85' lang='lat' dir='ltr'>sectari,</span> <span class='ocrx_word' id='word_1_130' title='bbox 788 2713 953 2794; x_wconf 83' lang='lat' dir='ltr'>vigilanter</span> <span class='ocrx_word' id='word_1_131' title='bbox 975 2712 1152 2787; x_wconf 86' lang='lat' dir='ltr'>custodire,</span> 
     </span>
     <span class='ocr_line' id='line_1_20' title="bbox 143 2812 1153 2894; baseline -0.008 -13"><span class='ocrx_word' id='word_1_132' title='bbox 143 2818 225 2881; x_wconf 90' lang='lat' dir='ltr'>tueri</span> <span class='ocrx_word' id='word_1_133' title='bbox 242 2816 391 2889; x_wconf 83' lang='lat' dir='ltr'>fideliter,</span> <span class='ocrx_word' id='word_1_134' title='bbox 420 2813 490 2894; x_wconf 81' lang='lat' dir='ltr'>ejus</span> <span class='ocrx_word' id='word_1_135' title='bbox 506 2816 576 2890; x_wconf 61' lang='lat' dir='ltr'>W)</span> <span class='ocrx_word' id='word_1_136' title='bbox 594 2817 725 2877; x_wconf 85' lang='lat' dir='ltr'>salutem</span> <span class='ocrx_word' id='word_1_137' title='bbox 742 2834 804 2875; x_wconf 85' lang='lat' dir='ltr'>suae</span> <span class='ocrx_word' id='word_1_138' title='bbox 822 2812 993 2887; x_wconf 79' lang='lat' dir='ltr'>anteferre,</span> <span class='ocrx_word' id='word_1_139' title='bbox 1013 2812 1153 2875; x_wconf 89' lang='lat' dir='ltr'>commit-</span> 
     </span>
     <span class='ocr_line' id='line_1_21' title="bbox 142 2911 1151 2994; baseline -0.006 -16"><span class='ocrx_word' id='word_1_140' title='bbox 142 2928 210 2978; x_wconf 85' lang='lat' dir='ltr'>tere</span> <span class='ocrx_word' id='word_1_141' title='bbox 220 2936 255 2977; x_wconf 86' lang='lat' dir='ltr'>se</span> <span class='ocrx_word' id='word_1_142' title='bbox 267 2913 431 2993; x_wconf 88' lang='lat' dir='ltr'>periculis,</span> <span class='ocrx_word' id='word_1_143' title='bbox 452 2934 615 2994; x_wconf 88' lang='lat' dir='ltr'>opponere</span> <span class='ocrx_word' id='word_1_144' title='bbox 627 2911 867 2976; x_wconf 81' lang='lat' dir='ltr'>discriminibus.</span> <span class='ocrx_word' id='word_1_145' title='bbox 904 2912 963 2977; x_wconf 75' lang='lat' dir='ltr'>ttia</span> <span class='ocrx_word' id='word_1_146' title='bbox 977 2912 1023 2976; x_wconf 82' lang='lat' dir='ltr'>sic</span> <span class='ocrx_word' id='word_1_147' title='bbox 1035 2914 1151 2975; x_wconf 81' lang='lat' dir='ltr'>liaben-</span> 
     </span>
     <span class='ocr_line' id='line_1_22' title="bbox 142 3010 1152 3096; baseline 0 -22"><span class='ocrx_word' id='word_1_148' title='bbox 142 3013 244 3087; x_wconf 86' lang='lat' dir='ltr'>tibus,</span> <span class='ocrx_word' id='word_1_149' title='bbox 274 3034 358 3077; x_wconf 84' lang='lat' dir='ltr'>nova</span> <span class='ocrx_word' id='word_1_150' title='bbox 391 3013 566 3076; x_wconf 74' lang='lat' dir='ltr'>intercessit</span> <span class='ocrx_word' id='word_1_151' title='bbox 596 3013 737 3087; x_wconf 84' lang='lat' dir='ltr'>occasio,</span> <span class='ocrx_word' id='word_1_152' title='bbox 777 3033 840 3096; x_wconf 87' lang='lat' dir='ltr'>qua</span> <span class='ocrx_word' id='word_1_153' title='bbox 877 3012 961 3076; x_wconf 87' lang='lat' dir='ltr'>senis</span> <span class='ocrx_word' id='word_1_154' title='bbox 996 3010 1152 3075; x_wconf 81' lang='lat' dir='ltr'>beneficio</span> 
     </span>
     <span class='ocr_line' id='line_1_23' title="bbox 142 3111 1152 3196; baseline 0 -23"><span class='ocrx_word' id='word_1_155' title='bbox 142 3122 295 3175; x_wconf 87' lang='lat' dir='ltr'>uteretur.</span> <span class='ocrx_word' id='word_1_156' title='bbox 350 3112 400 3175; x_wconf 81' lang='lat' dir='ltr'>lle</span> <span class='ocrx_word' id='word_1_157' title='bbox 429 3111 570 3177; x_wconf 81' lang='lat' dir='ltr'>santiliari</span> <span class='ocrx_word' id='word_1_158' title='bbox 600 3114 640 3175; x_wconf 90' lang='lat' dir='ltr'>ad</span> <span class='ocrx_word' id='word_1_159' title='bbox 668 3132 795 3196; x_wconf 78' lang='lat' dir='ltr'>magnas</span> <span class='ocrx_word' id='word_1_160' title='bbox 824 3112 981 3196; x_wconf 78' lang='lat' dir='ltr'>angustias</span> <span class='ocrx_word' id='word_1_161' title='bbox 1008 3114 1152 3185; x_wconf 68' lang='lat' dir='ltr'>redacta,</span> 
     </span>
     <span class='ocr_line' id='line_1_24' title="bbox 142 3212 1152 3297; baseline -0.004 -22"><span class='ocrx_word' id='word_1_162' title='bbox 142 3232 215 3275; x_wconf 82' lang='lat' dir='ltr'>ctam</span> <span class='ocrx_word' id='word_1_163' title='bbox 229 3212 382 3297; x_wconf 85' lang='lat' dir='ltr'>quicquid</span> <span class='ocrx_word' id='word_1_164' title='bbox 399 3214 540 3296; x_wconf 88' lang='lat' dir='ltr'>undique</span> <span class='ocrx_word' id='word_1_165' title='bbox 559 3233 719 3275; x_wconf 82' lang='lat' dir='ltr'>corrasam</span> <span class='ocrx_word' id='word_1_166' title='bbox 736 3225 823 3287; x_wconf 88' lang='lat' dir='ltr'>erat,</span> <span class='ocrx_word' id='word_1_167' title='bbox 848 3212 1064 3295; x_wconf 74' lang='lat' dir='ltr'>prodegisset,</span> <span class='ocrx_word' id='word_1_168' title='bbox 1084 3221 1152 3272; x_wconf 89' lang='lat' dir='ltr'>orat</span> 
     </span>
     <span class='ocr_line' id='line_1_25' title="bbox 141 3311 1153 3394; baseline -0.003 -19"><span class='ocrx_word' id='word_1_169' title='bbox 141 3313 251 3390; x_wconf 66' lang='lat' dir='ltr'>murm,</span> <span class='ocrx_word' id='word_1_170' title='bbox 286 3313 420 3394; x_wconf 85' lang='lat' dir='ltr'>pecunia</span> <span class='ocrx_word' id='word_1_171' title='bbox 453 3312 515 3374; x_wconf 90' lang='lat' dir='ltr'>sibi</span> <span class='ocrx_word' id='word_1_172' title='bbox 541 3313 716 3375; x_wconf 87' lang='lat' dir='ltr'>subveniat.</span> <span class='ocrx_word' id='word_1_173' title='bbox 767 3314 885 3375; x_wconf 85' lang='lat' dir='ltr'>Notum</span> <span class='ocrx_word' id='word_1_174' title='bbox 911 3311 1057 3373; x_wconf 87' lang='lat' dir='ltr'>omnibus</span> <span class='ocrx_word' id='word_1_175' title='bbox 1085 3321 1153 3385; x_wconf 87' lang='lat' dir='ltr'>eat,</span> 
     </span>
     <span class='ocr_line' id='line_1_26' title="bbox 142 3409 1153 3496; baseline -0.003 -22"><span class='ocrx_word' id='word_1_176' title='bbox 142 3434 237 3496; x_wconf 82' lang='lat' dir='ltr'>qaaam</span> <span class='ocrx_word' id='word_1_177' title='bbox 251 3415 313 3475; x_wconf 85' lang='lat' dir='ltr'>hoc</span> <span class='ocrx_word' id='word_1_178' title='bbox 334 3412 428 3473; x_wconf 83' lang='lat' dir='ltr'>facile</span> <span class='ocrx_word' id='word_1_179' title='bbox 440 3413 622 3491; x_wconf 85' lang='lat' dir='ltr'>irnpetrarit.</span> <span class='ocrx_word' id='word_1_180' title='bbox 659 3414 753 3475; x_wconf 86' lang='lat' dir='ltr'>Nullo</span> <span class='ocrx_word' id='word_1_181' title='bbox 770 3412 875 3492; x_wconf 83' lang='lat' dir='ltr'>posito</span> <span class='ocrx_word' id='word_1_182' title='bbox 891 3410 977 3483; x_wconf 55' lang='lat' dir='ltr'>W)</span> <span class='ocrx_word' id='word_1_183' title='bbox 998 3409 1153 3491; x_wconf 72' lang='lat' dir='ltr'>pignore,</span> 
     </span>
     <span class='ocr_line' id='line_1_27' title="bbox 141 3509 1151 3589; baseline -0.007 -13"><span class='ocrx_word' id='word_1_184' title='bbox 141 3533 202 3576; x_wconf 85' lang='lat' dir='ltr'>nec</span> <span class='ocrx_word' id='word_1_185' title='bbox 218 3511 252 3573; x_wconf 87' lang='lat' dir='ltr'>in</span> <span class='ocrx_word' id='word_1_186' title='bbox 275 3510 379 3573; x_wconf 85' lang='lat' dir='ltr'>loenus</span> <span class='ocrx_word' id='word_1_187' title='bbox 405 3511 515 3574; x_wconf 86' lang='lat' dir='ltr'>decem</span> <span class='ocrx_word' id='word_1_188' title='bbox 540 3512 632 3575; x_wconf 84' lang='lat' dir='ltr'>millia</span> <span class='ocrx_word' id='word_1_189' title='bbox 651 3532 821 3577; x_wconf 84' lang='lat' dir='ltr'>aureorum</span> <span class='ocrx_word' id='word_1_190' title='bbox 837 3512 995 3573; x_wconf 73' lang='lat' dir='ltr'>numnam</span> <span class='ocrx_word' id='word_1_191' title='bbox 1011 3509 1151 3589; x_wconf 82' lang='lat' dir='ltr'>accepit,</span> 
     </span>
     <span class='ocr_line' id='line_1_28' title="bbox 144 3609 1152 3694; baseline 0 -23"><span class='ocrx_word' id='word_1_192' title='bbox 144 3632 212 3694; x_wconf 86' lang='lat' dir='ltr'>quac</span> <span class='ocrx_word' id='word_1_193' title='bbox 240 3629 326 3671; x_wconf 78' lang='lat' dir='ltr'>manc</span> <span class='ocrx_word' id='word_1_194' title='bbox 353 3630 484 3693; x_wconf 85' lang='lat' dir='ltr'>quoquc</span> <span class='ocrx_word' id='word_1_195' title='bbox 511 3612 614 3674; x_wconf 84' lang='lat' dir='ltr'>debet.</span> <span class='ocrx_word' id='word_1_196' title='bbox 681 3614 765 3673; x_wconf 86' lang='lat' dir='ltr'>Ecce</span> <span class='ocrx_word' id='word_1_197' title='bbox 795 3622 900 3673; x_wconf 89' lang='lat' dir='ltr'>autem</span> <span class='ocrx_word' id='word_1_198' title='bbox 927 3610 1011 3672; x_wconf 87' lang='lat' dir='ltr'>aliud</span> <span class='ocrx_word' id='word_1_199' title='bbox 1044 3609 1152 3672; x_wconf 77' lang='lat' dir='ltr'>subito</span> 
     </span>
     <span class='ocr_line' id='line_1_29' title="bbox 142 3708 1204 3794; baseline -0.003 -19"><span class='ocrx_word' id='word_1_200' title='bbox 142 3708 340 3793; x_wconf 77' lang='lat' dir='ltr'>benignitatis</span> <span class='ocrx_word' id='word_1_201' title='bbox 366 3720 480 3771; x_wconf 79' lang='lat' dir='ltr'>nostra</span> <span class='ocrx_word' id='word_1_202' title='bbox 499 3722 632 3794; x_wconf 84' lang='lat' dir='ltr'>ternpus.</span> <span class='ocrx_word' id='word_1_203' title='bbox 677 3709 888 3791; x_wconf 81' lang='lat' dir='ltr'>Conjuratum</span> <span class='ocrx_word' id='word_1_204' title='bbox 905 3711 1055 3774; x_wconf 76' lang='lat' dir='ltr'>adversus</span> <span class='ocrx_word' id='word_1_205' title='bbox 1078 3728 1153 3772; x_wconf 81' lang='lat' dir='ltr'>eum</span> <span class='ocrx_word' id='word_1_206' title='bbox 1201 3736 1204 3743; x_wconf 96' lang='lat'>·</span> 
     </span>
     <span class='ocr_line' id='line_1_30' title="bbox 143 3808 1153 3893; baseline -0.001 -22"><span class='ocrx_word' id='word_1_207' title='bbox 143 3830 160 3871; x_wconf 93' lang='lat' dir='ltr'>a</span> <span class='ocrx_word' id='word_1_208' title='bbox 186 3808 407 3890; x_wconf 85' lang='lat' dir='ltr'>popularibus,</span> <span class='ocrx_word' id='word_1_209' title='bbox 446 3810 501 3893; x_wconf 86' lang='lat' dir='ltr'>qui</span> <span class='ocrx_word' id='word_1_210' title='bbox 527 3812 742 3893; x_wconf 85' lang='lat' dir='ltr'>importunum</span> <span class='ocrx_word' id='word_1_211' title='bbox 761 3811 857 3892; x_wconf 84' lang='lat' dir='ltr'>ipsius</span> <span class='ocrx_word' id='word_1_212' title='bbox 879 3809 1044 3889; x_wconf 81' lang='lat' dir='ltr'>imperium</span> <span class='ocrx_word' id='word_1_213' title='bbox 1067 3809 1153 3872; x_wconf 82' lang='lat' dir='ltr'>ferra</span> 
     </span>
     <span class='ocr_line' id='line_1_31' title="bbox 143 3907 1154 3993; baseline -0.001 -21"><span class='ocrx_word' id='word_1_214' title='bbox 143 3930 209 3972; x_wconf 89' lang='lat' dir='ltr'>non</span> <span class='ocrx_word' id='word_1_215' title='bbox 226 3921 372 3991; x_wconf 88' lang='lat' dir='ltr'>poterant</span> <span class='ocrx_word' id='word_1_216' title='bbox 379 3954 388 3985; x_wconf 97' lang='lat'>,</span> <span class='ocrx_word' id='word_1_217' title='bbox 416 3912 556 3993; x_wconf 82' lang='lat' dir='ltr'>rapitras,</span> <span class='ocrx_word' id='word_1_218' title='bbox 588 3912 807 3986; x_wconf 84' lang='lat' dir='ltr'>extorsiones,</span> <span class='ocrx_word' id='word_1_219' title='bbox 837 3930 875 3971; x_wconf 88' lang='lat' dir='ltr'>ae</span> <span class='ocrx_word' id='word_1_220' title='bbox 898 3907 1063 3992; x_wconf 81' lang='lat' dir='ltr'>vectigalia</span> <span class='ocrx_word' id='word_1_221' title='bbox 1083 3911 1154 3988; x_wconf 83' lang='lat' dir='ltr'>plus</span> 
     </span>
     <span class='ocr_line' id='line_1_32' title="bbox 143 4008 1155 4093; baseline -0.002 -22"><span class='ocrx_word' id='word_1_222' title='bbox 143 4030 235 4092; x_wconf 74' lang='lat' dir='ltr'>aquo</span> <span class='ocrx_word' id='word_1_223' title='bbox 253 4020 364 4071; x_wconf 83' lang='lat' dir='ltr'>exacta</span> <span class='ocrx_word' id='word_1_224' title='bbox 384 4011 579 4074; x_wconf 75' lang='lat' dir='ltr'>accusabant.</span> <span class='ocrx_word' id='word_1_225' title='bbox 616 4014 667 4075; x_wconf 89' lang='lat' dir='ltr'>Eo</span> <span class='ocrx_word' id='word_1_226' title='bbox 684 4031 758 4075; x_wconf 84' lang='lat' dir='ltr'>casu</span> <span class='ocrx_word' id='word_1_227' title='bbox 774 4032 869 4093; x_wconf 87' lang='lat' dir='ltr'>quam</span> <span class='ocrx_word' id='word_1_228' title='bbox 885 4021 1043 4073; x_wconf 90' lang='lat' dir='ltr'>commota</span> <span class='ocrx_word' id='word_1_229' title='bbox 1057 4008 1155 4073; x_wconf 84' lang='lat' dir='ltr'>suerit</span> 
     </span>
     <span class='ocr_line' id='line_1_33' title="bbox 143 4109 1153 4192; baseline -0.001 -20"><span class='ocrx_word' id='word_1_230' title='bbox 143 4109 326 4186; x_wconf 84' lang='lat' dir='ltr'>Germania,</span> <span class='ocrx_word' id='word_1_231' title='bbox 365 4122 582 4192; x_wconf 84' lang='lat' dir='ltr'>quantumque</span> <span class='ocrx_word' id='word_1_232' title='bbox 616 4110 708 4175; x_wconf 83' lang='lat' dir='ltr'>vobis</span> <span class='ocrx_word' id='word_1_233' title='bbox 739 4111 930 4192; x_wconf 83' lang='lat' dir='ltr'>periculum,</span> <span class='ocrx_word' id='word_1_234' title='bbox 974 4109 1153 4190; x_wconf 82' lang='lat' dir='ltr'>principes!</span> 
     </span>
     <span class='ocr_line' id='line_1_34' title="bbox 141 4207 1154 4293; baseline 0.003 -23"><span class='ocrx_word' id='word_1_235' title='bbox 141 4207 344 4290; x_wconf 87' lang='lat' dir='ltr'>impenderit,</span> <span class='ocrx_word' id='word_1_236' title='bbox 373 4209 581 4293; x_wconf 88' lang='lat' dir='ltr'>inquantum</span> <span class='ocrx_word' id='word_1_237' title='bbox 607 4221 673 4274; x_wconf 87' lang='lat' dir='ltr'>tota</span> <span class='ocrx_word' id='word_1_238' title='bbox 698 4211 844 4274; x_wconf 87' lang='lat' dir='ltr'>nobilitas</span> <span class='ocrx_word' id='word_1_239' title='bbox 868 4210 1035 4275; x_wconf 87' lang='lat' dir='ltr'>discrimen</span> <span class='ocrx_word' id='word_1_240' title='bbox 1057 4209 1154 4290; x_wconf 80' lang='lat' dir='ltr'>hujus</span> 
     </span>
    </p>
   </div>
   <div class='ocr_carea' id='block_1_3' title="bbox 173 4356 1154 4492">
    <p class='ocr_par' dir='ltr' id='par_1_3' title="bbox 173 4356 1154 4492">
     <span class='ocr_line' id='line_1_35' title="bbox 178 4356 1154 4431; baseline 0.004 -20"><span class='ocrx_word' id='word_1_241' title='bbox 178 4356 207 4419; x_wconf 71' lang='lat'>¹⁴)</span> <span class='ocrx_word' id='word_1_242' title='bbox 228 4374 269 4426; x_wconf 80' lang='lat' dir='ltr'>ct,</span> <span class='ocrx_word' id='word_1_243' title='bbox 288 4379 323 4414; x_wconf 85' lang='lat' dir='ltr'>ac.</span> <span class='ocrx_word' id='word_1_244' title='bbox 358 4357 404 4425; x_wconf 71' lang='lat'>**)</span> <span class='ocrx_word' id='word_1_245' title='bbox 422 4381 467 4427; x_wconf 86' lang='lat' dir='ltr'>ac,</span> <span class='ocrx_word' id='word_1_246' title='bbox 488 4373 519 4417; x_wconf 90' lang='lat' dir='ltr'>et.</span> <span class='ocrx_word' id='word_1_247' title='bbox 568 4360 957 4428; x_wconf 71' lang='lat' dir='ltr'>***)es‘usso1at.,lmtttasal.</span> <span class='ocrx_word' id='word_1_248' title='bbox 991 4359 1068 4431; x_wconf 57' lang='lat' dir='ltr'>W)</span> <span class='ocrx_word' id='word_1_249' title='bbox 1086 4371 1154 4415; x_wconf 81' lang='lat' dir='ltr'>nullo</span> 
     </span>
     <span class='ocr_line' id='line_1_36' title="bbox 173 4436 438 4492; baseline 0.004 -13"><span class='ocrx_word' id='word_1_250' title='bbox 173 4437 273 4492; x_wconf 71' lang='lat' dir='ltr'>posteo,</span> <span class='ocrx_word' id='word_1_251' title='bbox 293 4436 358 4481; x_wconf 86' lang='lat' dir='ltr'>mtto</span> <span class='ocrx_word' id='word_1_252' title='bbox 375 4437 438 4480; x_wconf 83' lang='lat' dir='ltr'>dato.</span> 
     </span>
    </p>
   </div>
   <div class='ocr_carea' id='block_1_4' title="bbox 0 0 1316 5108">
    <p class='ocr_par' dir='ltr' id='par_1_4' title="bbox 0 0 1316 5108">
     <span class='ocr_line' id='line_1_37' title="bbox 0 0 1316 5108; baseline 0 0"><span class='ocrx_word' id='word_1_253' title='bbox 0 0 1316 5108; x_wconf 95' lang='lat' dir='ltr'> </span> 
     </span>
    </p>
   </div>
  </div>
 </body>
</html>
