2624 5108
192 852 264 927 tta
575 847 836 937 Eshortatoria

192 1047 316 1129 perium
349 1044 528 1113 deserere?
565 1044 665 1111 Immo
692 1065 771 1117 vcro
796 1042 959 1117 matarltis,
989 1063 1010 1104 o
1036 1042 1220 1123 Principes,

194 1150 316 1213 servire
336 1148 467 1222 Tuscis,
498 1167 592 1229 quam
610 1145 729 1212 mundo
749 1144 930 1227 imperare?
962 1143 1068 1223 Vultis
1084 1144 1115 1219 'l
1135 1149 1219 1207 ultro

193 1246 322 1333 jugrun,
353 1269 425 1314 cum
450 1247 609 1328 depellere
632 1244 723 1311 facile
746 1245 890 1329 possitis,
920 1243 1013 1309 vobis
1036 1244 1219 1307 accersere?

194 1348 297 1429 Ossam
316 1360 389 1412 sunt
408 1347 512 1410 omnia
531 1346 754 1428 turpitudinis,
781 1347 885 1411 omnia
903 1346 1098 1411 dedecorum
1119 1347 1219 1427 plena.

193 1450 237 1519 Et
257 1470 350 1530 quam
370 1448 431 1513 nisi
457 1446 695 1525 resipiscamus,
723 1445 798 1513 nibil
825 1457 873 1507 est
898 1447 930 1517 in
953 1446 1118 1508 Germania
1140 1447 1223 1509 Ger-

193 1568 329 1617 manum,
376 1548 484 1613 Nostri
511 1547 666 1623 nrajoses,
703 1558 739 1610 ut
764 1546 803 1617 ab
826 1547 1043 1631 antiquissimo
1069 1559 1221 1629 repetam,

196 1648 337 1715 orriuium
362 1648 515 1715 virtutum
534 1646 685 1730 opinione
702 1649 937 1719 commendatos
965 1648 1037 1711 orbi
1068 1660 1222 1711 terrarum

193 1749 268 1812 olim
304 1751 486 1822 Ronlanos,
526 1768 593 1817 pon
622 1746 850 1819 sustbmerunt,
899 1751 942 1811 Et
972 1761 1140 1811 externum
1170 1748 1222 1810 hic

191 1848 359 1931 imperium
378 1850 459 1911 aclea
479 1846 649 1930 prohibere
667 1848 773 1913 conati
788 1860 877 1925 sunt,
896 1861 931 1915 ut
950 1849 1058 1915 ultima
1078 1849 1223 1912 omnium

192 1949 332 2029 aperiri
353 1950 469 2019 vellent
489 1948 595 2029 prius,
618 1969 714 2031 quam
734 1951 913 2019 Ronlanum
934 1952 1086 2017 habereut
1116 1952 1220 2014 domi·

191 2039 295 2113 nium,
339 2049 442 2130 lthue
473 2050 660 2119 effecerunt,
708 2048 780 2119 Vos
811 2050 932 2117 Turcas
967 2074 986 2115 a
1017 2052 1220 2133 spurcissima

192 2151 294 2217 orariis
321 2149 478 2221 barbariei
499 2149 687 2215 'colluvione
712 2150 876 2231 proflatam
901 2163 1046 2232 gentem,
1086 2164 1117 2215 et
1147 2176 1221 2236 quo

191 2252 233 2323 ad
258 2273 334 2325 vos,
369 2273 435 2319 non
465 2262 500 2311 ut
531 2250 680 2329 imperet,
711 2252 769 2316 secl
801 2264 837 2313 ut
864 2252 1003 2327 occidat,
1036 2254 1141 2327 venit,
1171 2255 1221 2315 in·

190 2351 300 2419 fcusos
333 2350 482 2427 religioni
513 2371 549 2411 ac
581 2349 701 2412 nomini
726 2349 907 2419 Christiano
939 2354 1104 2434 plusquam
1130 2355 1217 2414 credi.

189 2453 310 2535 possit,
342 2451 500 2527 inimicos,
529 2451 637 2517 scretis
661 2453 778 2533 reges?
816 2456 933 2535 Quaeso
955 2474 1013 2527 vos
1036 2454 1218 2531 agnoscite,

191 2563 223 2634 et
250 2574 345 2635 quam
378 2553 411 2615 in
438 2564 525 2624 tanto
554 2554 713 2636 periculo,
746 2564 793 2613 tot
830 2576 864 2617 se
894 2557 977 2618 ultro
1009 2554 1216 2616 offerentibus

191 2652 425 2727 occasionibus,
469 2674 537 2715 non
566 2656 676 2719 deceat
704 2654 880 2719 Germanos
916 2655 1023 2730 otiari,
1068 2654 1216 2735 cogitate.

190 2754 379 2841 Quanquam
405 2765 441 2816 ut
473 2757 592 2817 nullum
621 2765 739 2821 tantum
769 2754 808 2816 sit
835 2755 1027 2835 periculum,
1067 2777 1126 2818 nec
1153 2777 1215 2818 sos

189 2866 302 2935 urgeat
321 2854 508 2937 quieturam,
541 2866 644 2919 tamen
671 2876 765 2937 quam
791 2855 831 2917 sit
856 2855 1020 2936 proprium
1045 2858 1106 2918 hoc
1133 2856 1216 2917 Ger-

188 2955 306 3029 manis,
326 2975 451 3033 semper
465 2955 584 3038 aliquid
597 2957 726 3036 pulchre
739 2955 865 3028 coitari,
885 2974 1010 3033 semper
1026 2958 1065 3017 ad
1083 2955 1216 3038 aliquam

187 3055 349 3134 respicere
364 3056 504 3130 laudem,
525 3055 655 3139 aliquod
671 3056 752 3119 velle
768 3055 865 3117 decus
879 3075 1006 3136 parare,
1026 3055 1057 3116 in
1076 3068 1214 3118 mentem

187 3167 348 3225 revocate.
397 3156 482 3223 Trrm
499 3154 623 3238 imperii
647 3153 742 3231 hujus
764 3174 858 3237 quem
887 3175 957 3217 esse
987 3155 1080 3218 vobis
1108 3178 1217 3219 curam

189 3255 365 3331 corn'cniat,
429 3255 542 3321 Potest
575 3255 661 3323 enim
700 3256 742 3327 ita
779 3266 919 3323 vestrum
953 3255 1064 3338 aliquis
1108 3258 1217 3319 odisse

188 3356 335 3439 gloriam,
378 3369 415 3428 ut
450 3368 601 3438 augeatur
627 3376 668 3421 tn
703 3356 863 3423 minuatur
900 3355 1084 3436 imperium,
1124 3357 1216 3434 juxta

188 3455 341 3526 aestimet?
372 3456 468 3526 Plane
491 3454 641 3521 Germani
659 3454 750 3531 estis,
771 3468 865 3538 atque
884 3467 920 3518 ut
940 3456 1035 3534 hujus
1060 3459 1216 3537 temporis

186 3555 324 3628 nonsit,
345 3554 408 3625 vim
421 3574 456 3615 ac
469 3552 615 3634 injuriam
630 3556 766 3619 hostium
782 3556 901 3625 anobis
916 3577 1037 3631 arcere,
1053 3569 1214 3637 perpetuo

187 3662 289 3727 tamen
303 3653 411 3735 glorias
426 3653 564 3728 studium
580 3658 686 3731 colere
706 3655 838 3721 debetis.
878 3660 922 3720 At
939 3657 1105 3723 necessitas
1121 3658 1215 3720 ctiam

186 3755 332 3839 gerendas
353 3755 400 3817 rei
420 3754 582 3831 incrsmbit,
620 3756 745 3828 Summa
763 3757 886 3840 imperii
905 3758 1017 3840 agitur.
1058 3757 1213 3821 Conster-

185 3867 255 3929 nata
283 3867 369 3929 metu
403 3854 487 3928 Italia
513 3869 571 3929 est,
629 3858 695 3921 Per
727 3859 920 3938 Hungariam
952 3878 1052 3939 pavor
1088 3858 1214 3938 ingens.

168 3956 288 4029 ‘Nubis
309 3956 450 4032 vastitas,
485 3956 579 4023 nobis
606 3958 739 4027 exitium
767 3960 916 4034 imminet.
967 3959 1073 4020 Vultis
1101 3959 1148 4019 his
1178 3959 1214 4021 in

186 4055 307 4123 casibus
325 4058 491 4139 quicquam
507 4077 601 4139 agere
616 4057 739 4142 potius,
761 4080 852 4141 quarn
872 4057 1035 4124 celerrimo
1050 4060 1212 4121 exercitus

186 4156 413 4231 conscribere?
433 4158 548 4231 Arma,
568 4156 655 4217 viros
669 4168 701 4227 et
714 4157 763 4237 :aq
773 4180 893 4241 equos,
913 4156 1053 4240 denique
1072 4180 1214 4240 quorum

184 4273 262 4329 usus
290 4268 338 4324 est
365 4258 404 4329 acl
430 4256 548 4329 bellam
580 4256 747 4355 quaerere?
783 4262 827 4337 Et
853 4260 943 4349 prius
973 4259 1076 4323 omina
1104 4268 1212 4345 parata

182 4386 377 4429 Ν...-

219 4474 250 4549 ⁰)
270 4486 299 4531 V.
317 4484 398 4532 vultis.
445 4473 486 4536 “l
504 4490 550 4532 st:
568 4497 603 4543 ac.
