2624 5108
505 768 545 849 in
568 772 721 849 Tarcas.
1049 778 1131 863 ,493

103 966 285 1049 apamen,
318 984 356 1029 ac
379 958 596 1033 imminentem
618 962 713 1029 nobis
739 964 911 1047 perniciem
928 970 1127 1051 propulsare,

99 1090 141 1131 no
161 1070 200 1129 ad
219 1080 395 1130 extremam
414 1068 476 1131 acti
492 1067 730 1144 necesdtatcm,
755 1088 822 1131 non
840 1066 903 1150 jam
923 1090 989 1153 quo
1007 1092 1127 1151 eamu,

98 1170 157 1233 sed
175 1164 340 1250 quomodo
360 1188 541 1233 maneamus
560 1186 706 1251 quaerero
731 1180 888 1249 oporteat.
926 1170 966 1233 ld
989 1183 1036 1234 est
1060 1190 1128 1235 non

98 1270 288 1344 consulere,
322 1286 418 1349 quaem
443 1268 579 1347 aliquem
598 1266 681 1330 bello
701 1266 907 1351 impetamus,
936 1272 995 1335 sad
1019 1290 1129 1351 qucrn-

101 1368 272 1433 admodum
302 1370 417 1435 misere
435 1368 556 1447 afflicti,
596 1386 632 1430 ac
653 1369 693 1431 ad
711 1370 820 1433 adtims
839 1368 958 1449 coacti,
997 1374 1128 1437 satutem

97 1468 306 1541 inveniamus.
341 1472 379 1533 ln
397 1492 534 1545 summa,
562 1480 686 1551 tempus
706 1482 755 1534 est
781 1474 933 1537 adversus
953 1492 1044 1551 eum,
1071 1475 1129 1561 qui

100 1582 270 1656 postquam
288 1570 453 1635 maximam
473 1570 597 1653 imperii
614 1580 736 1653 partem
760 1570 854 1635 nobis
875 1574 1008 1653 ademit,
1039 1596 1127 1641 nunc
1195 1584 1198 1589 '

101 1676 199 1736 vitam
218 1674 316 1753 petit,
352 1696 388 1737 ac
414 1672 569 1737 universae
597 1670 772 1737 Germaniae
793 1673 954 1739 excidium
975 1676 1127 1757 molitur,

97 1772 248 1855 experiri.
277 1772 384 1837 Facile
396 1776 426 1849 ‘')
445 1774 507 1835 hoc
526 1774 599 1848 fiet,
619 1772 646 1835 si
665 1772 790 1836 voletis.
827 1774 878 1838 Ac
896 1773 957 1839 nisi
975 1778 1041 1840 haec
1063 1777 1127 1843 sint

98 1873 336 1953 impedimenta,
352 1884 465 1936 nostro
479 1872 573 1935 ctiam
591 1874 786 1951 commodo,
805 1886 913 1940 nostra
927 1879 1019 1940 tande
1036 1880 1127 1959 opas)

97 1974 200 2057 gioria
219 1976 284 2037 fiet.
322 1972 406 2037 Cum
425 1972 550 2055 possitis
572 1972 667 2056 igitur
690 1972 821 2039 minimo
840 1980 974 2060 negotio
989 1980 1127 2047 maxima

100 2074 214 2151 vobis,
233 2074 368 2137 maxime
388 2075 535 2137 omnibus
553 2076 726 2155 prodesse,
746 2098 855 2160 quaeso
873 2076 907 2139 in
926 2098 1127 2145 communem
1168 2160 1171 2165 Ι

98 2176 200 2239 redito
215 2194 343 2257 pacem,
364 2194 401 2239 ac
412 2174 503 2239 istam
514 2186 563 2237 tot
575 2176 660 2240 bona
672 2196 781 2241 secum
794 2178 976 2241 adorantem
989 2200 1125 2243 concor·

98 2273 182 2337 diam
190 2270 420 2356 amplectimini.
451 2278 530 2355 Qun
541 2287 576 2339 ut
585 2278 801 2358 cognoscatis,
813 2298 908 2360 quam
922 2298 982 2341 vos
994 2279 1124 2356 deceat,

96 2374 194 2435 credo
222 2394 346 2437 mecum
365 2374 507 2452 sentitis,
536 2398 693 2461 nusquam
717 2378 818 2461 magis
839 2378 1013 2441 convenire
1039 2391 1126 2443 trau·

99 2473 283 2556 quiditatem
310 2495 397 2550 esse,
435 2494 472 2537 ac
494 2488 634 2541 mutatam
662 2480 771 2557 vigere
800 2478 1003 2543 dilectionem
1029 2502 1125 2563 quam

100 2571 185 2637 inter
202 2576 307 2639 affines
328 2584 361 2639 et
387 2588 540 2659 cognatos
557 2576 711 2659 primum,
739 2578 854 2641 deinde
874 2578 961 2641 cives
981 2580 1074 2644 etiam
1093 2594 1126 2645 et

99 2676 280 2756 populares.
317 2678 361 2740 At
386 2687 453 2740 tota
473 2678 661 2753 Germania,
694 2688 729 2740 ut
755 2699 861 2763 ireque
889 2679 1046 2745 civitatem
1077 2685 1124 2747 in·

97 2778 266 2854 ducamini,
298 2798 405 2863 neque
428 2778 645 2859 popularitatis
663 2788 813 2859 respectu
834 2780 874 2844 ab
898 2781 956 2844 illis
977 2785 1124 2864 pestiten-

98 2880 182 2943 tibus
203 2876 370 2945 discordiis
392 2878 609 2955 abducamini,
628 2898 724 2961 quam
747 2881 808 2943 lata
825 2894 889 2958 est,
910 2904 1006 2966 quam
1024 2888 1124 2966 ampla

98 3002 135 3042 ac
161 2984 335 3061 populosa,
374 3002 439 3043 una
466 2980 608 3064 quaedam
633 3000 757 3061 semper
785 2982 914 3047 affinitas
943 2984 1022 3061 suit,
1060 3007 1124 3049 urm

100 3082 259 3159 coguatio.
304 3077 357 3143 sic
375 3091 573 3161 compertum
592 3092 640 3143 cst
664 3083 748 3144 cuim
774 3082 931 3168 indigetes
950 3106 1020 3149 cssc
1042 3087 1123 3148 Ger-

95 3200 224 3254 manos,
276 3200 338 3241 nce
375 3182 470 3241 udam
506 3180 675 3263 aliquando
716 3196 897 3247 exterarum
941 3185 1123 3265 nationum,

96 3280 238 3347 maundi
265 3276 416 3341 dornicilii
445 3300 558 3356 causa,
586 3283 648 3344 huc
668 3281 873 3367 immigrasse.
911 3288 953 3349 Et
971 3300 1044 3348 stud
1065 3288 1122 3372 qui

97 3382 219 3445 abhoc
238 3380 414 3443 Germaniae
438 3402 555 3443 nomeu
574 3400 592 3443 a
614 3383 736 3447 Latinis
762 3382 896 3449 inditum
921 3399 1054 3467 putent,
1087 3398 1124 3451 ut

101 3482 252 3547 Germani
280 3481 372 3567 qraasi
390 3482 504 3545 iratres
524 3482 668 3551 dicantur
696 3498 727 3547 ct
754 3487 882 3570 cognati
902 3488 981 3563 Μ).
1026 3488 1127 3572 Quic-

96 3580 177 3667 quid
212 3592 279 3659 est,
317 3582 458 3644 unanimi
492 3582 575 3645 iuter
608 3586 776 3648 historicos
817 3610 913 3651 sensu
949 3591 1121 3666 convenit,

97 3702 223 3765 semper
241 3684 322 3745 hanc
339 3682 500 3745 nationem
519 3683 579 3746 sibi
602 3684 798 3759 constitisse,
831 3706 867 3747 ac
887 3686 926 3749 ab
948 3708 983 3751 se
1002 3710 1122 3770 pepen-

99 3784 202 3861 disse,
232 3804 274 3847 ex
297 3800 397 3867 seque
423 3794 648 3867 propagatam,
681 3802 741 3843 trec
760 3804 900 3867 uuquam
919 3799 1123 3849 externarum

97 3886 239 3967 gentium
268 3885 480 3968 permixtione
506 3882 664 3947 iniectam.
703 3886 781 3965 Quae
812 3886 950 3965 puritas,
982 3897 1014 3947 ct
1034 3887 1120 3962 assa)

95 3986 300 4067 germanitas,
337 3988 423 4069 apud
457 3988 579 4061 nullos,
626 3983 681 4067 qui
712 3984 841 4067 quidem
874 3983 994 4066 cogniti
1024 3998 1118 4062 auru,

96 4088 250 4169 populos,
270 4085 314 4148 ita
332 4098 518 4151 conservata
536 4092 601 4163 est,
623 4096 661 4149 ut
679 4106 746 4149 uon
766 4084 935 4169 aliquando
956 4106 1009 4149 res
1026 4088 1119 4152 simui

99 4231 292 4247 *ψ

128 4314 157 4379 ⁸)
175 4326 215 4381 F,
242 4325 258 4371 s.
307 4314 352 4376 ¹⁸)
369 4331 411 4385 et,
430 4336 464 4371 aa.
501 4314 564 4387 Ψ)
581 4324 641 4372 nach
660 4322 782 4373 dicarrtur:
810 4334 836 4374 st
856 4330 960 4386 coqnan
986 4326 1120 4387 tergescat.

127 4398 207 4461 ms)
226 4418 269 4468 n,
289 4423 346 4469 m
