2624 5108
210 878 281 950 620
590 867 848 944 Exhortntorie
1088 876 1101 907 t

152 1099 156 1107 ·
206 1063 330 1128 Audite
348 1061 461 1143 igitur,
482 1061 588 1124 audite
602 1070 634 1122 et
648 1061 681 1136 ὓ)
701 1059 867 1142 cxttrgitel
897 1057 960 1121 Fas
973 1059 1024 1134 ⁶⁶)
1036 1071 1083 1122 est
1100 1059 1223 1134 odisse,

211 1162 391 1241 Principes,
408 1170 461 1222 eut
475 1161 582 1223 verius
593 1178 723 1223 necesse
738 1169 785 1221 est
801 1157 875 1220 totis
888 1157 1010 1225 viribus
1023 1169 1131 1220 contrs
1144 1162 1227 1221 hanc

211 1261 330 1324 rabiem
349 1259 448 1334 ferri,
478 1258 685 1323 contrahere
702 1256 909 1338 pestilentiam
927 1256 1045 1320 invehi,
1084 1257 1229 1321 Clamant

212 1361 252 1424 ed
282 1381 341 1425 vos
372 1378 524 1433 ornnes,¹
548 1381 618 1440 qun
651 1354 811 1420 Christum
841 1358 1029 1435 profitentur
1058 1358 1227 1431 nationes3

211 1462 342 1523 clament
364 1457 503 1532 finitimi,
534 1457 643 1519 clamet
661 1456 760 1538 patris
772 1501 781 1531 ,
795 1514 800 1523 ,
813 1456 921 1519 clamet
939 1456 1123 1519 imbecillior
1143 1469 1227 1532 setas,

211 1560 303 1641 pueri
330 1579 367 1619 ec
397 1578 506 1632 senes,
541 1558 673 1617 clement
694 1555 838 1618 foeminae.
885 1559 935 1620 Ac
961 1555 1086 1618 interim
1111 1556 1225 1637 religio

211 1678 359 1743 quoqne,
384 1678 456 1739 qttte
475 1676 510 1718 se
530 1656 691 1719 defensam
709 1676 728 1716 a
749 1656 863 1718 'l'urcis
881 1659 963 1732 vult,
991 1659 1111 1720 clamat.
1160 1658 1226 1720 Per

211 1756 316 1822 Deum
335 1757 536 1818 immortalem
555 1754 722 1836 exurgitel
751 1755 906 1837 Exurgite
925 1762 1051 1839 qrneso!
1082 1760 1131 1820 Ae
1149 1760 1227 1820 dum

212 1856 318 1919 omnia
336 1854 484 1927 servatis,
513 1865 618 1917 vestra
642 1874 773 1936 quoqne
795 1857 879 1918 salvs
897 1856 1027 1918 reddite.
1073 1857 1226 1919 Liberale

212 1973 273 2017 nos
292 1975 310 2014 a
329 1953 430 2034 jugo!
468 1953 590 2043 Eripite
607 1972 627 2015 e
645 1953 789 2017 lancibus
808 1954 1074 2019 truculentissime
1091 1955 1227 2019 bellue!

212 2051 383 2116 Defendite
408 2053 613 2134 religionem,
653 2074 714 2134 pro
733 2073 797 2138 qun
814 2065 862 2115 tot
880 2065 1029 2133 martyres
1048 2076 1112 2116 non
1131 2055 1229 2117 dnbi-

213 2161 358 2215 tsvernnt
389 2153 614 2215 contumeliose
639 2153 730 2215 mori.
778 2156 902 2219 Eodem
935 2154 1089 2216 beneflcio
1118 2154 1228 2217 Deum

213 2250 306 2315 simul
333 2270 370 2313 sc
400 2253 541 2331 homines
572 2250 793 2339 demerebitis,
830 2254 994 2315 Revocale
1023 2254 1055 2318 in
1086 2264 1228 2317 mentem

213 2362 335 2414 vestros
355 2349 510 2432 majores!
541 2350 656 2413 Ponite
674 2362 745 2428 ants
765 2352 893 2426 oculos,
920 2373 986 2434 quo
1005 2355 1038 2415 in
1056 2354 1127 2413 loco
1147 2372 1227 2414 con·

213 2450 313 2513 stitnti
332 2449 418 2511 sitis!
459 2448 624 2531 Cogitate,
652 2470 745 2531 qnam
764 2452 822 2513 ista
841 2451 932 2512 vobis
951 2452 1166 2513 conservando
1186 2451 1227 2514 sit

212 2548 364 2631 dignitus,
379 2570 473 2631 qnam
484 2551 600 2611 tuernla
612 2549 815 2612 existimatio!
841 2551 878 2610 ln
888 2550 1020 2628 proclivi
1030 2562 1095 2623 est,
1110 2561 1143 2611 ut
1155 2551 1225 2612 vin·

212 2649 298 2711 cetis.
330 2648 434 2710 Modo
452 2648 519 2724 *iil
538 2649 669 2712 ineundi
688 2649 759 2712 belli
780 2649 944 2712 consilinm
962 2651 1078 2728 capite!
1107 2651 1228 2731 Magos

213 2759 260 2808 est
280 2733 517 2827 opportunitas,
549 2768 590 2811 ne
616 2747 709 2810 sinito
727 2749 818 2811 elnbi.
866 2749 989 2826 Optima
1010 2750 1152 2823 occasio,
1185 2772 1226 2812 ne

214 2847 306 2910 sinite
317 2846 485 2927 preterire.
522 2846 560 2908 ln
577 2867 712 2922 summa,
732 2858 892 2929 nunquam
909 2849 954 2910 sio
965 2848 1050 2925 sss-‚q
1061 2849 1119 2909 ista
1134 2850 1228 2912 simul

212 2946 359 3019 fuerunt,
380 2967 499 3009 summo
518 2946 685 3009 necessitas
706 2958 738 3006 et
758 2948 874 3028 optime
894 2947 1029 3010 occasio.
1061 2948 1172 3030 ltaque
1191 2962 1228 3009 ut

212 3044 383 3107 maximnm
414 3043 580 3108 discrimen
606 3057 670 3119 est,
705 3046 755 3108 cui
781 3044 963 3123 objicimur,
997 3047 1090 3107 itaet
1108 3069 1227 3109 sturme

214 3145 362 3208 vincendi
379 3167 452 3227 spes
466 3158 498 3207 et
511 3146 688 3209 uberrimus
703 3144 841 3205 victorine
856 3146 988 3208 i'rnctus.
1023 3146 1105 3226 Quis
1123 3158 1230 3209 temen

214 3245 353 3327 ambigui
378 3258 451 3309 srmt
476 3257 507 3307 et
530 3245 641 3309 incerti
666 3244 819 3306 bellorum
841 3243 962 3319 exime,
995 3258 1028 3307 m
1048 3245 1081 3307 in
1101 3263 1255 3333 omnemN

213 3364 273 3407 vos
301 3355 419 3425 partem
449 3356 536 3405 recte
567 3364 731 3418 moneam,
765 3346 825 3403 tale
858 3354 904 3404 est
932 3346 993 3405 hoc
1022 3346 1158 3421 bellum,
1192 3359 1230 3409 nt

213 3441 248 3504 in
274 3463 315 3502 eo
343 3442 427 3502 vinci
453 3462 584 3523 quoqne
612 3442 785 3521 gloriosum
812 3442 861 3504 sit.
912 3446 952 3504 Et
971 3447 1229 3529 quotusquisque

121 3544 125 3551 '
212 3551 353 3602 vestrum
380 3551 446 3614 est,
482 3540 538 3620 qui
564 3540 592 3603 si
616 3539 814 3603 moriendum
841 3542 871 3603 ei
896 3564 981 3605 nunc
1005 3544 1062 3619 sit,
1096 3566 1164 3606 non
1182 3548 1231 3609 sic

211 3637 316 3715 malit,
337 3658 431 3720 quam
446 3649 607 3722 utcunque
623 3638 730 3701 mori?
759 3642 829 3704 lam
844 3641 901 3705 ista
916 3653 1031 3724 quanta
1047 3655 1145 3721 snnt,
1158 3668 1230 3727 quse

211 3737 304 3801 vobis
329 3730 553 3820 proponuntur
579 3739 727 3819 promia?
765 3742 851 3804 Vere
879 3765 915 3805 so
935 3745 1122 3824 sempiterna
1142 3749 1227 3824 apud

211 3858 338 3901 omnem
351 3839 565 3919 posteritatem
584 3840 693 3922 gloria.
727 3840 841 3922 Ingens
856 3845 941 3923 opud
954 3845 1056 3906 Deum
1072 3846 1225 3908 meritum.

211 3937 456 4023 opulentissimo
476 3959 518 4000 ex
537 3941 628 4002 hoste
646 3940 755 4020 spolie.
793 3943 866 4005 Uno
886 3944 1064 4024 eodemque
1084 3943 1228 4025 negotio,

210 4038 299 4101 lomes
328 4037 560 4113 celebritatem,
592 4041 721 4101 salntem
747 4039 941 4116 animorum,
972 4053 1004 4102 et
1027 4043 1230 4105 fortunarum

210 4148 385 4199 vestrorum
402 4137 626 4200 incrementum
639 4138 795 4213 breviter,
812 4161 876 4201 utro
891 4142 1068 4224 eodemque
1082 4146 1229 4223 negotio,

212 4235 364 4317 quiequid
402 4236 520 4298 homini
555 4238 765 4321 appetendum
801 4250 869 4315 est,
907 4252 1029 4322 panum
1062 4242 1229 4307 habebitis.

210 4356 403 4372 m

245 4436 275 4499 ⁸)
292 4454 334 4492 es:
353 4459 387 4492 ac.
420 4437 466 4505 ⁸⁸)
483 4449 520 4492 F:
539 4449 556 4493 l.
585 4439 752 4505 *⁸*)1t1:m.
780 4456 846 4504 tt“l
865 4455 1069 4512 nschnunanm:
1088 4456 1226 4514 stobelgel.
