2624 5108
523 864 651 940 Oratio
678 862 814 937 Tertia.
929 892 933 899 ·
1114 868 1180 938 123

166 1078 267 1135 suan,
286 1078 349 1120 nos
366 1057 495 1141 quidem
507 1058 663 1149 ludibrio,
683 1074 792 1120 omnes
807 1064 910 1119 autern
926 1055 1019 1119 simul
1031 1057 1180 1121 Germani

162 1158 298 1224 infamia
309 1178 347 1218 no
362 1159 513 1222 dedecori
525 1156 667 1221 obstricti
678 1159 762 1221 estis.
800 1159 880 1219 Nam
894 1156 983 1238 quod
996 1158 1036 1219 ad
1054 1170 1180 1221 murteta·

160 1258 283 1321 tionem
306 1259 455 1340 pertinet,
485 1259 530 1323 sie
552 1260 682 1323 credent
699 1252 970 1331 homines,*·don
988 1255 1067 1336 juris
1087 1259 1180 1322 dubi·

160 1358 300 1433 tatione,
333 1360 390 1423 sed
410 1358 560 1443 potentiae
580 1357 775 1421 utinmotu
794 1357 949 1421 tardiores
978 1357 1018 1419 ad
1037 1356 1179 1451 judican-

162 1459 243 1521 dum
254 1460 437 1536 assensisse,
459 1458 528 1521 'ob
546 1458 644 1543 idque
675 1480 743 1522 non
770 1458 855 1523 vires
881 1456 992 1533 vobis,
1035 1459 1094 1520 sed
1120 1476 1178 1521 vos
1264 1482 1271 1493 ·

161 1557 287 1621 viribus
309 1558 460 1643 defuisse.
518 1561 616 1641 Quod
643 1579 723 1622 vero
751 1558 884 1639 eripitur
910 1556 971 1620 iate
1004 1557 1178 1639 supplicio,

158 1656 345 1739 bujauwdi
377 1671 440 1735 est,
465 1661 563 1744 -quod
597 1659 660 1742 jam
692 1661 916 1741 pervutgaun,
952 1670 1115 1739 potentem
1145 1660 1179 1722 in

158 1758 328 1821 Germania
350 1760 523 1836 hominem,
554 1771 833 1844 quanmmermque
856 1758 1061 1835 sceleratum,
1093 1761 1179 1823 dam·

155 1858 225 1921 nari
241 1860 276 1936 *)
295 1858 471 1936 neminem,
502 1861 592 1944 quod
607 1858 783 1943 intelligunt
799 1861 921 1936 exteri,
941 1880 981 1925 ea
1002 1861 1177 1937 dedecora,

157 1978 179 2020 a
199 1959 316 2042 quibus
333 1960 517 2044 longissime
537 1961 585 2035 ω)
604 1980 728 2041 semper
753 1963 854 2025 abfuit
877 1961 1062 2041 Germania,
1092 1979 1178 2023 nunc

157 2058 287 2125 demum
300 2059 491 2139 irruasimep
578 2072 610 2123 et
626 2061 668 2125 ita
683 2063 853 2138 invasisse,
884 2075 919 2126 ut
941 2063 1018 2128 eitra
1035 2082 1177 2143 poenum,

156 2158 233 2221 eitra
241 2161 432 2243 supplicium
441 2180 523 2233 eona
532 2174 595 2224 ent.
623 2166 694 2244 Qua
709 2162 906 2246 turpitudine
918 2163 1020 2245 major
1032 2162 1176 2225 accidere

157 2278 225 2323 mou
237 2271 352 2341 potest.
390 2262 505 2346 Neque
520 2263 604 2325 enim
619 2262 777 2344 ejuernodi
796 2266 924 2327 estisne
941 2263 1084 2335 infamio,
1105 2279 1176 2343 qua

160 2369 232 2420 orta
245 2361 338 2423 torius
351 2362 487 2427 hominia
501 2384 586 2426 noxa
604 2365 661 2440 sit,
681 2366 737 2429 sed
749 2366 877 2447 publico
891 2376 999 2425 vestro
1017 2380 1175 2423 consensu

160 2458 365 2539 approbaturi
388 2462 542 2538 dedecus,
573 2463 667 2545 hujus
692 2466 796 2546 patria
823 2464 966 2533 mordens
991 2460 1175 2541 imponitur.

157 2559 239 2623 Nem
256 2560 369 2643 quinio
385 2564 521 2629 cunctati
536 2564 630 2639 eatis,
650 2564 696 2626 sie
711 2563 821 2627 tulistis
836 2566 916 2627 hane
931 2560 1174 2642 improbitatem,

155 2670 192 2722 ut
213 2662 366 2742 probasse
395 2663 575 2728 videamini.
620 2667 691 2747 Qua
715 2664 750 2726 in
774 2686 811 2727 re
839 2662 917 2747 quid
943 2664 1025 2725 ultra
1051 2661 1174 2736 dicam,

153 2762 247 2840 pierre
271 2760 399 2843 ignoro.
451 2765 583 2840 Vultur,
619 2765 740 2841 oratio,
770 2782 860 2829 mens
884 2763 1024 2847 denique
1046 2759 1175 2824 excidit.

153 2860 242 2942 Quid
260 2863 404 2926 acerbius
430 2864 516 2927 enirn
538 2862 729 2949 contingere
747 2864 841 2929 nobis
858 2863 980 2947 potuit,
1015 2862 1073 2925 toti
1091 2862 1173 2925 Ger·

150 2960 262 3024 marries
276 2962 420 3025 fedius?
453 2976 485 3027 et
501 2967 590 3049 quod
607 2967 660 3029 ille
678 2984 740 3030 uos
758 2965 886 3051 quridem
903 2966 1042 3040 leserat,
1073 2961 1172 3042 ipsius

149 3061 308 3141 mppiieio
326 3064 461 3144 rependi
485 3066 679 3146 sperabatur.
726 3066 800 3131 Hoc
816 3065 911 3129 nobis
929 3064 1075 3129 solatium
1104 3072 1172 3125 erat

150 3162 366 3244 propositum
402 3165 468 3226 hee
493 3167 645 3231 adversus
671 3165 832 3249 ingentem
850 3166 995 3239 dolorem
1017 3163 1172 3227 medicina

148 3260 327 3344 petebatur.
377 3266 423 3327 At
457 3284 538 3327 vero
571 3266 754 3350 longissime
787 3275 897 3329 contra
925 3264 1045 3333 evenit.
1091 3264 1172 3323 Nam

148 3361 305 3425 adversus
329 3384 425 3447 quaein
450 3384 510 3426 nos
541 3386 579 3427 re
601 3367 782 3442 manifesta,
820 3363 1012 3440 detestabili,
1050 3360 1170 3437 atroci,

145 3462 376 3543 probatissimis
413 3464 546 3527 testibus
589 3467 798 3530 maximorum
837 3469 991 3530 scelerum
1025 3464 1170 3535 cumulo,

145 3562 274 3643 publiea
286 3562 514 3639 decoratione,
534 3568 692 3629 communi
710 3566 805 3643 odio,
831 3570 920 3631 velut
933 3564 1001 3630 acie
1019 3564 1170 3647 conflige·

147 3662 262 3725 bnmus
269 3664 313 3740 ,is
323 3675 357 3727 et
369 3665 466 3741 vivit,
478 3678 510 3728 et
519 3679 645 3750 regnat,
655 3678 692 3730 ut
706 3664 769 3745 jmn
781 3668 873 3748 piane
887 3667 981 3732 armis
991 3666 1170 3749 expetendo

144 3762 243 3826 nobis
261 3764 340 3841 tint,
361 3788 431 3850 quae
448 3765 571 3848 legibus
591 3766 757 3830 debentur.
795 3764 859 3828 Ubi
880 3767 1087 3849 quarendum
1102 3784 1169 3827 nou

142 3874 242 3947 pisto,
282 3866 362 3951 quid
389 3888 449 3929 nos
473 3868 648 3948 possimus,
685 3886 855 3947 possumus
888 3876 992 3927 antem
1023 3876 1167 3952 tantum,

143 3976 301 4049 quantam
317 3968 358 4031 ad
380 3968 650 4049 comprimendum
667 3968 760 4031 istum
786 3964 859 4030 satis
882 3975 946 4038 est,
973 3966 1034 4026 hoe
1057 3984 1168 4027 neces·

141 4065 232 4131 sario
254 4066 421 4144 Germani,
451 4068 642 4132 audiendum
667 4067 776 4146 vobis,
811 4085 918 4150 neque
944 4083 986 4125 ox
1016 4061 1167 4144 dignitate
1299 4074 1305 4087 ·

141 4178 270 4243 vestra,
298 4190 406 4253 neque
422 4167 553 4250 publico
573 4170 761 4244 commodo,
788 4168 847 4231 sed
865 4162 1040 4227 eommunis
1055 4161 1165 4224 existi·

140 4267 290 4333 tnatiom's
308 4267 447 4351 justina,
493 4269 538 4332 sie
561 4271 690 4333 remisse
715 4291 734 4331 a
759 4269 852 4350 vobis
878 4278 997 4359 actum,
1030 4283 1072 4325 eo
1099 4281 1166 4327 reni

139 4418 339 4439 ..μη-ιι-

174 4502 207 4572 *)
224 4510 289 4557 nach
300 4508 404 4557 damnari
415 4520 502 4567 posse,
521 4508 738 4570 dnnhrestdehen.
774 4498 823 4561 ⁸⁴)
836 4508 999 4567 tenuissime,
1017 4503 1163 4557 longissima.
