2624 5108
572 858 745 961 Epistola.
1115 871 1163 949 59

154 1075 173 1116 a
194 1056 316 1119 stabulo
331 1055 376 1129 ’),
399 1057 570 1138 plerosque
590 1055 827 1120 ver-silicatores·
840 1077 910 1120 ease
929 1038 1184 1144 magir,-qaam''

152 1161 277 1239 pndtas,
314 1157 460 1221 Miranda
478 1157 707 1236 tumefacto,
735 1178 808 1218 earm
832 1157 886 1240 qui
907 1179 1004 1221 armos
1025 1174 1162 1242 quatuor

151 1260 256 1323 mulos
292 1258 399 1321 Roma
439 1257 621 1331 curaverit,
669 1269 785 1319 tantum
828 1279 931 1339 operar
968 1258 1091 1320 interim
1111 1257 1160 1333 **)

151 1357 296 1438 potuisse
312 1357 410 1420 literis
430 1358 520 1432 dare,
552 1357 611 1419 nial
631 1369 662 1420 et
687 1357 765 1419 asini
783 1360 892 1420 Roma
911 1358 1014 1421 literas
1033 1358 1160 1422 docent.

154 1461 235 1522 Nam
249 1457 341 1521 nullia
351 1457 397 1519 ibi
412 1456 595 1527 doctoribus
613 1478 741 1538 operam
756 1458 852 1519 dedit.
885 1459 948 1520 Sed
962 1458 1038 1520 milri
1053 1478 1161 1539 quaero

154 1568 271 1641 quanta
295 1556 413 1635 injuria
435 1545 582 1620 molestus
609 1568 665 1621 est.
711 1560 806 1639 (mod
830 1561 971 1622 homines
996 1561 1101 1640 inepte
1120 1560 1161 1624 de

151 1679 205 1721 nte
222 1656 385 1738 judicant,
403 1677 474 1723 eant
487 1655 518 1719 lu
538 1679 588 1719 rue
607 1661 728 1739 culpam
747 1671 884 1741 torquet.
924 1662 1058 1741 Quando
1078 1661 1162 1723 enim

149 1759 297 1841 arrogari
316 1757 393 1821 milri
408 1752 562 1825 ‘divinam
589 1763 691 1838 potitae
720 1762 861 1822 nomen?
907 1762 1006 1824 lnrnro
1034 1762 1162 1844 quando

146 1880 215 1923 non
239 1870 360 1921 tannim
385 1856 427 1919 ab
451 1856 647 1939 ejuscemodi
672 1859 840 1922 ambitione
866 1861 973 1937 ablui,
1012 1871 1164 1944 quantum

147 1954 201 2023 itte
220 1959 259 2019 ab
278 1957 366 2021 omni
381 1978 490 2025 rerum
511 1971 545 2021 et
563 1958 630 2034 aaa)
648 1959 861 2024 doctrinarum
875 1963 1057 2045 cognitione
1072 1982 1164 2042 syen-

148 2057 291 2138 phantu?
317 2060 445 2121 Placeat
463 2059 560 2142 igitur
579 2058 656 2134 sthi,
676 2071 711 2120 ut
731 2061 821 2123 valde
839 2063 959 2142 placet,
978 2083 1015 2139 ac
1032 2060 1163 2142 judicet,

148 2170 179 2219 et
198 2158 310 2221 lrabeat
327 2157 489 2223 sententia
507 2160 745 2241 adstipulatores
770 2181 849 2238 suaa,
880 2162 959 2225 istoc
984 2184 1059 2226 euos
1086 2183 1163 2224 eon·

150 2258 355 2334 statuarios,
396 2278 459 2341 ego
488 2280 539 2323 me
568 2281 611 2322 ex
645 2261 710 2324 aliis
745 2261 850 2324 lonae
881 2274 913 2323 at
945 2261 1165 2342 hujuscemodi

151 2357 314 2421 hominum
330 2362 381 2422 vel
397 2361 541 2434 laudem,
572 2363 623 2423 vel
643 2361 903 2441 vituperationem
923 2362 1012 2446 juxta
1034 2363 1163 2425 asama.

154 2461 209 2521 Tu
228 2459 297 2520 sive
320 2461 383 2521 luae
406 2482 477 2543 quae
502 2459 592 2521 mitto
616 2462 721 2543 leges,
751 2462 922 2536 eirenen,
955 2483 1061 2545 neque
1079 2459 1164 2525 eninr

149 2561 219 2622 lroc'
231 2582 314 2642 aegre
332 2561 448 2636 leram,
468 2581 574 2643 neque
592 2561 670 2623 illud
688 2581 881 2641 magnopere
900 2561 1014 2641 cupio,
1044 2572 1165 2626 tantum

150 2661 213 2724 hoo
229 2660 320 2723 stude
333 2657 422 2734 aare)
439 2660 556 2736 literis,
577 2660 712 2723 aciatos
732 2660 838 2724 audias
857 2661 981 2742 irreptoc
1001 2682 1161 2738 censor-ea,

152 2762 209 2845 qui
235 2762 270 2824 in
293 2782 328 2824 re
356 2761 418 2825 sibi
447 2761 572 2842 penitus
602 2762 762 2844 incognita
791 2762 909 2844 aliquid
947 2761 1028 2824 scire
1059 2761 1161 2834 videri

151 2862 259 2923 volunt
278 2864 323 2935 ᾧ).
361 2860 444 2929 Nihil
473 2862 586 2925 habent
611 2861 714 2938 enim,
746 2882 811 2945 quo
830 2862 932 2942 poesia
950 2862 1061 2925 melior
1080 2861 1163 2925 fieri.

147 2963 251 3045 lgitur
278 2973 430 3046 quantum
455 2963 487 3023 in
512 2963 707 3042 disponenda
725 2962 806 3036 vita,
837 2956 941 3026 mores
961 2962 1008 3025 tui
1026 2984 1045 3025 a
1062 2965 1161 3046 vulgo

146 3063 373 3129 canonicorum
391 3061 521 3135 absum,
552 3072 672 3124 tanturn
690 3061 723 3123 in
741 3063 907 3125 tractandis
925 3062 1054 3139 studiis,
1082 3063 1162 3147 suge

148 3164 280 3226 istorum
315 3162 598 3236 consuetudinem,
636 3162 692 3246 qui
717 3183 872 3244 nusquam
898 3162 1032 3225 illiterati
1062 3162 1162 3245 magis

148 3275 245 3337 cunt,
273 3285 366 3345 ipram
388 3263 444 3325 abi
471 3263 511 3323 de
537 3260 633 3323 literis
659 3274 765 3344 agunt.
823 3263 893 3325 Jam
911 3259 1097 3333 decrevisti,
1128 3259 1163 3322 id
1255 3267 1260 3277 ’

145 3364 238 3448 quod
250 3362 408 3447 profiteris
416 3382 527 3425 curare
536 3382 650 3435 unum,
669 3385 771 3433 sacras
783 3361 942 3427 orationes
954 3370 986 3428 et
996 3358 1081 3435 †††)
1090 3377 1162 3419 can·

145 3468 268 3541 tiones,
295 3486 486 3548 mecumque
504 3464 542 3540 †)
568 3463 774 3546 reprehendis
799 3475 860 3527 tuae
886 3456 987 3539 sortis!
1002 3458 1160 3534 hommes,

146 3567 204 3650 qui
233 3567 384 3648 neglectis
415 3565 479 3637 his,
517 3564 631 3646 quibus
661 3565 776 3626 addicti
802 3570 890 3638 cunt,
927 3560 1044 3629 alendis
1070 3558 1160 3643 equis

146 3678 180 3728 et
201 3668 274 3742 ††)'
288 3667 432 3742 canibus,
467 3686 590 3728 omnem
611 3684 739 3743 operam
760 3660 961 3743 impendunt,
997 3659 1160 3743 plurisque

143 3766 266 3832 faciunt
287 3768 370 3831 benc
394 3767 562 3848 saginatam
588 3762 757 3826 caniculam
780 3782 891 3835 unam,
929 3771 982 3823 aut
1003 3769 1160 3824 assuetum

142 3870 275 3934 sinistrae
306 3867 501 3949 accipitrem,
551 3884 644 3949 quam
675 3883 797 3925 omnem
833 3862 972 3927 omnium
998 3880 1160 3923 sacrorum

141 3990 278 4034 cuorum
293 3969 458 4040 rationein.
495 3968 580 4030 Male
597 3986 654 4047 per
673 3965 778 4029 iidem.
816 3962 889 4024 Non
909 3959 1024 4022 utiliter
1041 3978 1159 4037 expen-

176 4220 210 4288 *)
228 4239 365 4279 necarere
391 4230 505 4286 stabulo,
535 4227 657 4282 astabulo
674 4231 779 4276 vacaret,
826 4217 873 4284 ⁴⁸)
891 4223 950 4272 nach
970 4222 1058 4268 tantum
1079 4232 1160 4273 olm

175 4316 283 4359 {nterim
305 4314 445 4372 tetgerum.
495 4305 557 4375 ¹⁴⁸)
575 4323 618 4370 at,
639 4327 672 4360 ao.
720 4303 796 4367 W)
815 4311 874 4356 naclr
893 4310 982 4364 stude,
1009 4307 1091 4351 atteris
1113 4304 1161 4348 bein

99 4404 106 4414 ’
173 4400 282 4456 μκὶιί.
310 4394 341 4458 †)
358 4402 453 4458 uttoar'd
468 4393 537 4445 scire
554 4401 634 4445 attat
651 4400 745 4443 rulant.
763 4394 840 4452 arguti
858 4404 911 4441 eoae
928 4392 1020 4437 volunt.
1056 4379 1105 4449 ††)
1124 4393 1159 4444 et,

174 4496 262 4530 sacras.
307 4476 372 4543 †t†)
391 4497 534 4541 arecumque.
552 4486 578 4530 et
595 4495 690 4529 mecum.
726 4470 790 4539 †††)
808 4487 833 4526 et
842 4508 852 4537 ,
875 4491 909 4525 ac.
