<?xml version="1.0" encoding="UTF-8"?>
<!DOCTYPE html PUBLIC "-//W3C//DTD XHTML 1.0 Transitional//EN"
    "http://www.w3.org/TR/xhtml1/DTD/xhtml1-transitional.dtd">
<html xmlns="http://www.w3.org/1999/xhtml" xml:lang="en" lang="en">
 <head>
  <title>
</title>
<meta http-equiv="Content-Type" content="text/html;charset=utf-8" />
  <meta name='ocr-system' content='tesseract 3.04.00' />
  <meta name='ocr-capabilities' content='ocr_page ocr_carea ocr_par ocr_line ocrx_word'/>
</head>
<body>
  <div class='ocr_page' id='page_1' title='image "./ulrichiabhutten03mngoog_0517.png"; bbox 0 0 2624 5108; ppageno 0'>
   <div class='ocr_carea' id='block_1_1' title="bbox 220 829 864 905">
    <p class='ocr_par' dir='ltr' id='par_1_1' title="bbox 168 804 864 905">
     <span class='ocr_line' id='line_1_1' title="bbox 220 829 864 905; baseline -0.006 1.701"><span class='ocrx_word' id='word_1_1' title='bbox 220 832 301 905; x_wconf 73' lang='lat'><strong>’612</strong></span> <span class='ocrx_word' id='word_1_2' title='bbox 603 829 864 905; x_wconf 81' lang='lat' dir='ltr'><strong>Exhortatoria</strong></span> 
     </span>
    </p>
   </div>
   <div class='ocr_carea' id='block_1_2' title="bbox 206 954 1251 4225">
    <p class='ocr_par' dir='ltr' id='par_1_2' title="bbox 206 954 1251 4225">
     <span class='ocr_line' id='line_1_2' title="bbox 227 954 1251 1107; baseline -0.001 -19"><span class='ocrx_word' id='word_1_3' title='bbox 227 954 1251 1107; x_wconf 40' lang='lat' dir='ltr'><strong>ffifflkffimmmmfflMMmmm</strong></span> 
     </span>
     <span class='ocr_line' id='line_1_3' title="bbox 227 1121 1251 1206; baseline 0.003 -22"><span class='ocrx_word' id='word_1_4' title='bbox 227 1121 350 1206; x_wconf 84' lang='lat' dir='ltr'><strong>positos</strong></span> <span class='ocrx_word' id='word_1_5' title='bbox 370 1140 447 1199; x_wconf 81' lang='lat' dir='ltr'><strong>nos,</strong></span> <span class='ocrx_word' id='word_1_6' title='bbox 479 1142 517 1191; x_wconf 84' lang='lat' dir='ltr'><strong>ao</strong></span> <span class='ocrx_word' id='word_1_7' title='bbox 541 1122 609 1187; x_wconf 88' lang='lat' dir='ltr'><strong>sine</strong></span> <span class='ocrx_word' id='word_1_8' title='bbox 633 1133 761 1185; x_wconf 86' lang='lat' dir='ltr'><strong>rectore</strong></span> <span class='ocrx_word' id='word_1_9' title='bbox 787 1123 976 1188; x_wconf 83' lang='lat' dir='ltr'><strong>oomtitutoa</strong></span> <span class='ocrx_word' id='word_1_10' title='bbox 1003 1124 1145 1206; x_wconf 75' lang='lat' dir='ltr'><strong>aggredi.</strong></span> <span class='ocrx_word' id='word_1_11' title='bbox 1182 1123 1251 1187; x_wconf 77' lang='lat' dir='ltr'><strong>sea</strong></span> 
     </span>
     <span class='ocr_line' id='line_1_4' title="bbox 226 1220 1251 1307; baseline -0.002 -19"><span class='ocrx_word' id='word_1_12' title='bbox 226 1223 324 1305; x_wconf 89' lang='lat' dir='ltr'><strong>sapit,</strong></span> <span class='ocrx_word' id='word_1_13' title='bbox 350 1243 371 1285; x_wconf 92' lang='lat' dir='ltr'><strong>o</strong></span> <span class='ocrx_word' id='word_1_14' title='bbox 396 1220 582 1304; x_wconf 77' lang='lat' dir='ltr'><strong>Principes!</strong></span> <span class='ocrx_word' id='word_1_15' title='bbox 612 1222 693 1304; x_wconf 89' lang='lat' dir='ltr'><strong>sapit</strong></span> <span class='ocrx_word' id='word_1_16' title='bbox 715 1221 865 1307; x_wconf 86' lang='lat' dir='ltr'><strong>inquam,</strong></span> <span class='ocrx_word' id='word_1_17' title='bbox 894 1241 932 1283; x_wconf 86' lang='lat' dir='ltr'><strong>ae</strong></span> <span class='ocrx_word' id='word_1_18' title='bbox 958 1225 1062 1287; x_wconf 87' lang='lat' dir='ltr'><strong>animo</strong></span> <span class='ocrx_word' id='word_1_19' title='bbox 1081 1225 1198 1306; x_wconf 86' lang='lat' dir='ltr'><strong>pariter</strong></span> <span class='ocrx_word' id='word_1_20' title='bbox 1215 1234 1251 1286; x_wconf 87' lang='lat' dir='ltr'><strong>ot</strong></span> 
     </span>
     <span class='ocr_line' id='line_1_5' title="bbox 226 1324 1248 1408; baseline 0 -21"><span class='ocrx_word' id='word_1_21' title='bbox 226 1325 344 1399; x_wconf 76' lang='lat' dir='ltr'><strong>otidis,</strong></span> <span class='ocrx_word' id='word_1_22' title='bbox 382 1326 415 1386; x_wconf 88' lang='lat' dir='ltr'><strong>in</strong></span> <span class='ocrx_word' id='word_1_23' title='bbox 442 1335 584 1389; x_wconf 85' lang='lat' dir='ltr'><strong>nostram</strong></span> <span class='ocrx_word' id='word_1_24' title='bbox 613 1325 749 1386; x_wconf 88' lang='lat' dir='ltr'><strong>intentus</strong></span> <span class='ocrx_word' id='word_1_25' title='bbox 780 1324 1030 1399; x_wconf 75' lang='lat' dir='ltr'>dissensionem,</span> <span class='ocrx_word' id='word_1_26' title='bbox 1069 1343 1153 1408; x_wconf 87' lang='lat' dir='ltr'><strong>quos</strong></span> <span class='ocrx_word' id='word_1_27' title='bbox 1180 1336 1248 1387; x_wconf 79' lang='lat' dir='ltr'><strong>ooo</strong></span> 
     </span>
     <span class='ocr_line' id='line_1_6' title="bbox 224 1422 1248 1507; baseline 0.002 -21"><span class='ocrx_word' id='word_1_28' title='bbox 224 1422 366 1507; x_wconf 77' lang='lat' dir='ltr'><strong>ignorat,</strong></span> <span class='ocrx_word' id='word_1_29' title='bbox 394 1442 491 1505; x_wconf 76' lang='lat' dir='ltr'><strong>quan</strong></span> <span class='ocrx_word' id='word_1_30' title='bbox 507 1424 641 1491; x_wconf 82' lang='lat' dir='ltr'><strong>arduum</strong></span> <span class='ocrx_word' id='word_1_31' title='bbox 663 1425 703 1486; x_wconf 84' lang='lat' dir='ltr'><strong>sit</strong></span> <span class='ocrx_word' id='word_1_32' title='bbox 721 1434 852 1503; x_wconf 84' lang='lat' dir='ltr'><strong>repente</strong></span> <span class='ocrx_word' id='word_1_33' title='bbox 870 1433 903 1485; x_wconf 89' lang='lat' dir='ltr'><strong>et</strong></span> <span class='ocrx_word' id='word_1_34' title='bbox 921 1425 1088 1488; x_wconf 81' lang='lat' dir='ltr'><strong>universos</strong></span> <span class='ocrx_word' id='word_1_35' title='bbox 1105 1427 1248 1500; x_wconf 70' lang='lat' dir='ltr'><strong>nauare,</strong></span> 
     </span>
     <span class='ocr_line' id='line_1_7' title="bbox 222 1522 1247 1609; baseline 0.001 -24"><span class='ocrx_word' id='word_1_36' title='bbox 222 1525 363 1607; x_wconf 87' lang='lat' dir='ltr'><strong>palantes</strong></span> <span class='ocrx_word' id='word_1_37' title='bbox 382 1544 418 1585; x_wconf 83' lang='lat' dir='ltr'><strong>ae</strong></span> <span class='ocrx_word' id='word_1_38' title='bbox 436 1522 598 1586; x_wconf 75' lang='lat' dir='ltr'><strong>disoordiae</strong></span> <span class='ocrx_word' id='word_1_39' title='bbox 617 1524 722 1588; x_wconf 83' lang='lat' dir='ltr'><strong>studio</strong></span> <span class='ocrx_word' id='word_1_40' title='bbox 742 1524 969 1600; x_wconf 66' lang='lat' dir='ltr'><strong>dversowet</strong></span> <span class='ocrx_word' id='word_1_41' title='bbox 987 1528 1048 1588; x_wconf 86' lang='lat' dir='ltr'><strong>hoe</strong></span> <span class='ocrx_word' id='word_1_42' title='bbox 1071 1529 1139 1590; x_wconf 86' lang='lat' dir='ltr'><strong>sine</strong></span> <span class='ocrx_word' id='word_1_43' title='bbox 1154 1546 1247 1609; x_wconf 81' lang='lat' dir='ltr'><strong>rege,</strong></span> 
     </span>
     <span class='ocr_line' id='line_1_8' title="bbox 222 1624 1248 1710; baseline 0.003 -22"><span class='ocrx_word' id='word_1_44' title='bbox 222 1625 290 1688; x_wconf 83' lang='lat' dir='ltr'><strong>sine</strong></span> <span class='ocrx_word' id='word_1_45' title='bbox 306 1624 387 1694; x_wconf 76' lang='lat' dir='ltr'><strong>duce</strong></span> <span class='ocrx_word' id='word_1_46' title='bbox 404 1643 440 1685; x_wconf 86' lang='lat' dir='ltr'><strong>ao</strong></span> <span class='ocrx_word' id='word_1_47' title='bbox 451 1625 655 1704; x_wconf 75' lang='lat' dir='ltr'><strong>inperatore,</strong></span> <span class='ocrx_word' id='word_1_48' title='bbox 676 1625 822 1704; x_wconf 84' lang='lat' dir='ltr'><strong>patdatim</strong></span> <span class='ocrx_word' id='word_1_49' title='bbox 833 1640 867 1687; x_wconf 84' lang='lat' dir='ltr'><strong>et</strong></span> <span class='ocrx_word' id='word_1_50' title='bbox 877 1626 1017 1707; x_wconf 75' lang='lat' dir='ltr'><strong>singidos</strong></span> <span class='ocrx_word' id='word_1_51' title='bbox 1031 1626 1248 1710; x_wconf 83' lang='lat' dir='ltr'><strong>patanteisque</strong></span> 
     </span>
     <span class='ocr_line' id='line_1_9' title="bbox 223 1721 1247 1813; baseline 0.004 -27"><span class='ocrx_word' id='word_1_52' title='bbox 223 1726 403 1809; x_wconf 79' lang='lat' dir='ltr'><strong>opprimere</strong></span> <span class='ocrx_word' id='word_1_53' title='bbox 421 1721 547 1806; x_wconf 76' lang='lat' dir='ltr'><strong>cogitat.</strong></span> <span class='ocrx_word' id='word_1_54' title='bbox 584 1722 642 1786; x_wconf 83' lang='lat' dir='ltr'><strong>His</strong></span> <span class='ocrx_word' id='word_1_55' title='bbox 656 1723 688 1800; x_wconf 68' lang='lat'><strong>⁸)</strong></span> <span class='ocrx_word' id='word_1_56' title='bbox 706 1725 839 1787; x_wconf 85' lang='lat' dir='ltr'><strong>consiliis</strong></span> <span class='ocrx_word' id='word_1_57' title='bbox 858 1726 891 1786; x_wconf 87' lang='lat' dir='ltr'><strong>in</strong></span> <span class='ocrx_word' id='word_1_58' title='bbox 913 1735 1075 1813; x_wconf 86' lang='lat' dir='ltr'><strong>tempore,</strong></span> <span class='ocrx_word' id='word_1_59' title='bbox 1102 1737 1135 1789; x_wconf 90' lang='lat' dir='ltr'><strong>et</strong></span> <span class='ocrx_word' id='word_1_60' title='bbox 1152 1747 1247 1810; x_wconf 80' lang='lat' dir='ltr'><strong>qtram</strong></span> 
     </span>
     <span class='ocr_line' id='line_1_10' title="bbox 221 1822 1247 1906; baseline 0.003 -21"><span class='ocrx_word' id='word_1_61' title='bbox 221 1824 263 1886; x_wconf 90' lang='lat' dir='ltr'><strong>ad</strong></span> <span class='ocrx_word' id='word_1_62' title='bbox 290 1822 409 1885; x_wconf 82' lang='lat' dir='ltr'><strong>sactum</strong></span> <span class='ocrx_word' id='word_1_63' title='bbox 439 1823 646 1906; x_wconf 83' lang='lat' dir='ltr'><strong>perveniant,</strong></span> <span class='ocrx_word' id='word_1_64' title='bbox 682 1832 755 1885; x_wconf 86' lang='lat' dir='ltr'><strong>ante</strong></span> <span class='ocrx_word' id='word_1_65' title='bbox 784 1823 934 1887; x_wconf 83' lang='lat' dir='ltr'><strong>obsistite.</strong></span> <span class='ocrx_word' id='word_1_66' title='bbox 969 1823 1103 1887; x_wconf 75' lang='lat' dir='ltr'>Paratus</span> <span class='ocrx_word' id='word_1_67' title='bbox 1135 1838 1184 1888; x_wconf 88' lang='lat' dir='ltr'><strong>est</strong></span> <span class='ocrx_word' id='word_1_68' title='bbox 1212 1828 1247 1889; x_wconf 88' lang='lat' dir='ltr'><strong>in</strong></span> 
     </span>
     <span class='ocr_line' id='line_1_11' title="bbox 221 1920 1250 2006; baseline 0.002 -21"><span class='ocrx_word' id='word_1_69' title='bbox 221 1944 349 1985; x_wconf 87' lang='lat' dir='ltr'><strong>omnem</strong></span> <span class='ocrx_word' id='word_1_70' title='bbox 373 1933 525 1986; x_wconf 84' lang='lat' dir='ltr'><strong>eventum</strong></span> <span class='ocrx_word' id='word_1_71' title='bbox 551 1920 667 1986; x_wconf 72' lang='lat' dir='ltr'><strong>casn.</strong></span> <span class='ocrx_word' id='word_1_72' title='bbox 716 1920 754 1986; x_wconf 82' lang='lat' dir='ltr'><strong>in</strong></span> <span class='ocrx_word' id='word_1_73' title='bbox 780 1943 848 2006; x_wconf 83' lang='lat' dir='ltr'><strong>quo</strong></span> <span class='ocrx_word' id='word_1_74' title='bbox 873 1942 946 1985; x_wconf 85' lang='lat' dir='ltr'><strong>eum</strong></span> <span class='ocrx_word' id='word_1_75' title='bbox 970 1925 1054 1986; x_wconf 88' lang='lat' dir='ltr'><strong>nulla</strong></span> <span class='ocrx_word' id='word_1_76' title='bbox 1080 1946 1171 1989; x_wconf 84' lang='lat' dir='ltr'><strong>mora</strong></span> <span class='ocrx_word' id='word_1_77' title='bbox 1196 1929 1250 2002; x_wconf 69' lang='lat' dir='ltr'><strong>sit,</strong></span> 
     </span>
     <span class='ocr_line' id='line_1_12' title="bbox 221 2022 1247 2107; baseline 0.006 -23"><span class='ocrx_word' id='word_1_78' title='bbox 221 2022 299 2107; x_wconf 88' lang='lat' dir='ltr'><strong>quid</strong></span> <span class='ocrx_word' id='word_1_79' title='bbox 316 2038 365 2085; x_wconf 86' lang='lat' dir='ltr'><strong>est</strong></span> <span class='ocrx_word' id='word_1_80' title='bbox 384 2024 473 2104; x_wconf 86' lang='lat' dir='ltr'><strong>quod</strong></span> <span class='ocrx_word' id='word_1_81' title='bbox 492 2042 551 2086; x_wconf 76' lang='lat' dir='ltr'><strong>sos</strong></span> <span class='ocrx_word' id='word_1_82' title='bbox 571 2022 742 2098; x_wconf 86' lang='lat' dir='ltr'><strong>destineat,</strong></span> <span class='ocrx_word' id='word_1_83' title='bbox 768 2044 835 2106; x_wconf 87' lang='lat' dir='ltr'><strong>quo</strong></span> <span class='ocrx_word' id='word_1_84' title='bbox 852 2025 955 2088; x_wconf 84' lang='lat' dir='ltr'><strong>minua</strong></span> <span class='ocrx_word' id='word_1_85' title='bbox 975 2025 1110 2089; x_wconf 83' lang='lat' dir='ltr'><strong>officium</strong></span> <span class='ocrx_word' id='word_1_86' title='bbox 1127 2027 1247 2090; x_wconf 78' lang='lat' dir='ltr'><strong>faciatis</strong></span> 
     </span>
     <span class='ocr_line' id='line_1_13' title="bbox 211 2118 1247 2207; baseline 0.004 -22"><span class='ocrx_word' id='word_1_87' title='bbox 211 2140 255 2185; x_wconf 91' lang='lat' dir='ltr'><strong>·et</strong></span> <span class='ocrx_word' id='word_1_88' title='bbox 270 2120 359 2205; x_wconf 82' lang='lat' dir='ltr'><strong>ipsi?</strong></span> <span class='ocrx_word' id='word_1_89' title='bbox 395 2123 470 2184; x_wconf 82' lang='lat' dir='ltr'><strong>Non</strong></span> <span class='ocrx_word' id='word_1_90' title='bbox 488 2118 552 2203; x_wconf 78' lang='lat' dir='ltr'><strong>iam</strong></span> <span class='ocrx_word' id='word_1_91' title='bbox 571 2142 719 2186; x_wconf 86' lang='lat' dir='ltr'><strong>sotnnum</strong></span> <span class='ocrx_word' id='word_1_92' title='bbox 738 2123 788 2184; x_wconf 81' lang='lat' dir='ltr'><strong>iile</strong></span> <span class='ocrx_word' id='word_1_93' title='bbox 806 2123 862 2185; x_wconf 86' lang='lat' dir='ltr'><strong>sihi</strong></span> <span class='ocrx_word' id='word_1_94' title='bbox 883 2122 1044 2207; x_wconf 77' lang='lat' dir='ltr'>indulget,</span> <span class='ocrx_word' id='word_1_95' title='bbox 1063 2136 1160 2188; x_wconf 82' lang='lat' dir='ltr'><strong>noctu</strong></span> <span class='ocrx_word' id='word_1_96' title='bbox 1175 2127 1247 2189; x_wconf 91' lang='lat' dir='ltr'><strong>diu·</strong></span> 
     </span>
     <span class='ocr_line' id='line_1_14' title="bbox 219 2223 1245 2309; baseline 0.005 -25"><span class='ocrx_word' id='word_1_97' title='bbox 219 2242 284 2309; x_wconf 81' lang='lat' dir='ltr'><strong>que</strong></span> <span class='ocrx_word' id='word_1_98' title='bbox 313 2226 448 2306; x_wconf 78' lang='lat' dir='ltr'>cogitat,</span> <span class='ocrx_word' id='word_1_99' title='bbox 483 2223 649 2306; x_wconf 84' lang='lat' dir='ltr'><strong>quomodo</strong></span> <span class='ocrx_word' id='word_1_100' title='bbox 677 2225 709 2283; x_wconf 86' lang='lat' dir='ltr'><strong>in</strong></span> <span class='ocrx_word' id='word_1_101' title='bbox 734 2242 902 2285; x_wconf 83' lang='lat' dir='ltr'><strong>commune</strong></span> <span class='ocrx_word' id='word_1_102' title='bbox 924 2225 1086 2300; x_wconf 81' lang='lat' dir='ltr'><strong>consulat,</strong></span> <span class='ocrx_word' id='word_1_103' title='bbox 1123 2226 1155 2287; x_wconf 93' lang='lat' dir='ltr'><strong>id</strong></span> <span class='ocrx_word' id='word_1_104' title='bbox 1184 2238 1245 2304; x_wconf 87' lang='lat' dir='ltr'><strong>est,</strong></span> 
     </span>
     <span class='ocr_line' id='line_1_15' title="bbox 218 2320 1245 2411; baseline 0.001 -24"><span class='ocrx_word' id='word_1_105' title='bbox 218 2342 287 2411; x_wconf 76' lang='lat' dir='ltr'><strong>quo</strong></span> <span class='ocrx_word' id='word_1_106' title='bbox 304 2325 436 2387; x_wconf 85' lang='lat' dir='ltr'><strong>oonsilio</strong></span> <span class='ocrx_word' id='word_1_107' title='bbox 455 2325 486 2385; x_wconf 89' lang='lat' dir='ltr'><strong>in</strong></span> <span class='ocrx_word' id='word_1_108' title='bbox 505 2320 707 2385; x_wconf 77' lang='lat' dir='ltr'><strong>concordiam</strong></span> <span class='ocrx_word' id='word_1_109' title='bbox 731 2342 790 2384; x_wconf 85' lang='lat' dir='ltr'><strong>vos</strong></span> <span class='ocrx_word' id='word_1_110' title='bbox 816 2324 959 2388; x_wconf 76' lang='lat' dir='ltr'><strong>adducat</strong></span> <span class='ocrx_word' id='word_1_111' title='bbox 1007 2324 1112 2387; x_wconf 80' lang='lat' dir='ltr'><strong>Habet</strong></span> <span class='ocrx_word' id='word_1_112' title='bbox 1142 2331 1245 2390; x_wconf 87' lang='lat' dir='ltr'><strong>moni·</strong></span> 
     </span>
     <span class='ocr_line' id='line_1_16' title="bbox 212 2423 1244 2505; baseline -0.002 -16"><span class='ocrx_word' id='word_1_113' title='bbox 212 2424 327 2489; x_wconf 65' lang='lat' dir='ltr'><strong>otum</strong></span> <span class='ocrx_word' id='word_1_114' title='bbox 355 2424 594 2499; x_wconf 81' lang='lat' dir='ltr'><strong>conscientiam,</strong></span> <span class='ocrx_word' id='word_1_115' title='bbox 625 2442 695 2505; x_wconf 74' lang='lat' dir='ltr'><strong>quas</strong></span> <span class='ocrx_word' id='word_1_116' title='bbox 719 2423 760 2483; x_wconf 84' lang='lat' dir='ltr'><strong>itti</strong></span> <span class='ocrx_word' id='word_1_117' title='bbox 787 2435 946 2504; x_wconf 83' lang='lat' dir='ltr'><strong>perpetuo</strong></span> <span class='ocrx_word' id='word_1_118' title='bbox 976 2424 1110 2500; x_wconf 74' lang='lat' dir='ltr'><strong>adsistit,</strong></span> <span class='ocrx_word' id='word_1_119' title='bbox 1142 2447 1179 2487; x_wconf 87' lang='lat' dir='ltr'><strong>ae</strong></span> <span class='ocrx_word' id='word_1_120' title='bbox 1207 2444 1244 2492; x_wconf 86' lang='lat' dir='ltr'><strong>ut</strong></span> 
     </span>
     <span class='ocr_line' id='line_1_17' title="bbox 214 2521 1244 2607; baseline 0.002 -19"><span class='ocrx_word' id='word_1_121' title='bbox 214 2522 394 2588; x_wconf 68' lang='grc' dir='ltr'>Ηιεηιίὴιιε</span> <span class='ocrx_word' id='word_1_122' title='bbox 425 2521 489 2606; x_wconf 81' lang='lat' dir='ltr'><strong>iam</strong></span> <span class='ocrx_word' id='word_1_123' title='bbox 514 2524 611 2587; x_wconf 84' lang='lat' dir='ltr'><strong>rebus</strong></span> <span class='ocrx_word' id='word_1_124' title='bbox 643 2525 800 2605; x_wconf 75' lang='lat' dir='ltr'><strong>suppetias</strong></span> <span class='ocrx_word' id='word_1_125' title='bbox 831 2523 913 2586; x_wconf 77' lang='lat' dir='ltr'><strong>serat</strong></span> <span class='ocrx_word' id='word_1_126' title='bbox 944 2525 1095 2588; x_wconf 72' lang='lat' dir='ltr'><strong>hortatio.</strong></span> <span class='ocrx_word' id='word_1_127' title='bbox 1145 2528 1244 2607; x_wconf 83' lang='lat' dir='ltr'><strong>Quod</strong></span> 
     </span>
     <span class='ocr_line' id='line_1_18' title="bbox 217 2623 1240 2706; baseline 0.003 -18"><span class='ocrx_word' id='word_1_128' title='bbox 217 2645 290 2689; x_wconf 87' lang='lat' dir='ltr'><strong>oum</strong></span> <span class='ocrx_word' id='word_1_129' title='bbox 308 2627 383 2692; x_wconf 83' lang='lat' dir='ltr'><strong>iacit</strong></span> <span class='ocrx_word' id='word_1_130' title='bbox 400 2627 469 2701; x_wconf 85' lang='lat' dir='ltr'><strong>illa,</strong></span> <span class='ocrx_word' id='word_1_131' title='bbox 488 2626 522 2687; x_wconf 87' lang='lat' dir='ltr'><strong>in</strong></span> <span class='ocrx_word' id='word_1_132' title='bbox 536 2625 720 2688; x_wconf 81' lang='lat' dir='ltr'><strong>memoriam</strong></span> <span class='ocrx_word' id='word_1_133' title='bbox 737 2623 899 2703; x_wconf 85' lang='lat' dir='ltr'><strong>producit,</strong></span> <span class='ocrx_word' id='word_1_134' title='bbox 922 2645 1000 2706; x_wconf 86' lang='lat' dir='ltr'><strong>quas</strong></span> <span class='ocrx_word' id='word_1_135' title='bbox 1017 2626 1107 2688; x_wconf 85' lang='lat' dir='ltr'><strong>nobis</strong></span> <span class='ocrx_word' id='word_1_136' title='bbox 1124 2627 1240 2702; x_wconf 78' lang='lat' dir='ltr'><strong>eudes,</strong></span> 
     </span>
     <span class='ocr_line' id='line_1_19' title="bbox 217 2722 1244 2812; baseline 0 -23"><span class='ocrx_word' id='word_1_137' title='bbox 217 2746 315 2812; x_wconf 84' lang='lat' dir='ltr'><strong>quem</strong></span> <span class='ocrx_word' id='word_1_138' title='bbox 344 2727 519 2789; x_wconf 83' lang='lat' dir='ltr'><strong>vastitatem</strong></span> <span class='ocrx_word' id='word_1_139' title='bbox 549 2723 690 2808; x_wconf 84' lang='lat' dir='ltr'><strong>quotidie</strong></span> <span class='ocrx_word' id='word_1_140' title='bbox 715 2722 852 2786; x_wconf 79' lang='lat' dir='ltr'><strong>inferant</strong></span> <span class='ocrx_word' id='word_1_141' title='bbox 879 2724 1004 2786; x_wconf 71' lang='lat' dir='ltr'><strong>Tur-ca.</strong></span> <span class='ocrx_word' id='word_1_142' title='bbox 1050 2726 1146 2788; x_wconf 87' lang='lat' dir='ltr'><strong>Ponit</strong></span> <span class='ocrx_word' id='word_1_143' title='bbox 1169 2740 1244 2789; x_wconf 83' lang='lat' dir='ltr'><strong>anta</strong></span> 
     </span>
     <span class='ocr_line' id='line_1_20' title="bbox 218 2825 1243 2907; baseline 0 -17"><span class='ocrx_word' id='word_1_144' title='bbox 218 2828 328 2890; x_wconf 82' lang='lat' dir='ltr'><strong>oeulos</strong></span> <span class='ocrx_word' id='word_1_145' title='bbox 345 2827 559 2889; x_wconf 83' lang='lat' dir='ltr'><strong>munitissimas</strong></span> <span class='ocrx_word' id='word_1_146' title='bbox 574 2825 670 2886; x_wconf 88' lang='lat' dir='ltr'><strong>urbes</strong></span> <span class='ocrx_word' id='word_1_147' title='bbox 691 2827 721 2885; x_wconf 87' lang='lat' dir='ltr'><strong>vi</strong></span> <span class='ocrx_word' id='word_1_148' title='bbox 740 2836 949 2907; x_wconf 84' lang='lat' dir='ltr'><strong>expugnatas,</strong></span> <span class='ocrx_word' id='word_1_149' title='bbox 969 2828 1132 2888; x_wconf 76' lang='lat' dir='ltr'><strong>nonnullas</strong></span> <span class='ocrx_word' id='word_1_150' title='bbox 1150 2830 1243 2892; x_wconf 88' lang='lat' dir='ltr'><strong>etiam</strong></span> 
     </span>
     <span class='ocr_line' id='line_1_21' title="bbox 216 2926 1243 3008; baseline -0.003 -18"><span class='ocrx_word' id='word_1_151' title='bbox 216 2930 353 3002; x_wconf 79' lang='lat' dir='ltr'><strong>excisos3</strong></span> <span class='ocrx_word' id='word_1_152' title='bbox 382 2944 568 2989; x_wconf 86' lang='lat' dir='ltr'><strong>numerosos</strong></span> <span class='ocrx_word' id='word_1_153' title='bbox 590 2926 774 3007; x_wconf 79' lang='lat' dir='ltr'><strong>profligatos</strong></span> <span class='ocrx_word' id='word_1_154' title='bbox 792 2929 965 3002; x_wconf 86' lang='lat' dir='ltr'><strong>exercitus,</strong></span> <span class='ocrx_word' id='word_1_155' title='bbox 985 2947 1079 3008; x_wconf 80' lang='lat' dir='ltr'><strong>reges</strong></span> <span class='ocrx_word' id='word_1_156' title='bbox 1097 2948 1133 2990; x_wconf 86' lang='lat' dir='ltr'><strong>ac</strong></span> <span class='ocrx_word' id='word_1_157' title='bbox 1150 2929 1243 2989; x_wconf 88' lang='lat' dir='ltr'><strong>Prin-</strong></span> 
     </span>
     <span class='ocr_line' id='line_1_22' title="bbox 216 3017 1243 3111; baseline -0.002 -20"><span class='ocrx_word' id='word_1_158' title='bbox 216 3032 299 3111; x_wconf 84' lang='lat' dir='ltr'><strong>cipes</strong></span> <span class='ocrx_word' id='word_1_159' title='bbox 317 3029 349 3091; x_wconf 90' lang='lat' dir='ltr'><strong>in</strong></span> <span class='ocrx_word' id='word_1_160' title='bbox 362 3017 489 3090; x_wconf 66' lang='lat' dir='ltr'><strong>uincula</strong></span> <span class='ocrx_word' id='word_1_161' title='bbox 500 3024 679 3108; x_wconf 73' lang='lat' dir='ltr'><strong>conjectos,</strong></span> <span class='ocrx_word' id='word_1_162' title='bbox 699 3028 773 3109; x_wconf 81' lang='lat' dir='ltr'><strong>igne</strong></span> <span class='ocrx_word' id='word_1_163' title='bbox 786 3027 960 3089; x_wconf 86' lang='lat' dir='ltr'><strong>devastatus</strong></span> <span class='ocrx_word' id='word_1_164' title='bbox 973 3046 1081 3108; x_wconf 81' lang='lat' dir='ltr'><strong>agr0s3</strong></span> <span class='ocrx_word' id='word_1_165' title='bbox 1101 3026 1243 3090; x_wconf 87' lang='lat' dir='ltr'><strong>homiues</strong></span> 
     </span>
     <span class='ocr_line' id='line_1_23' title="bbox 214 3126 1243 3212; baseline 0 -21"><span class='ocrx_word' id='word_1_166' title='bbox 214 3126 408 3194; x_wconf 67' lang='lat' dir='ltr'><strong>christianos</strong></span> <span class='ocrx_word' id='word_1_167' title='bbox 429 3128 588 3212; x_wconf 77' lang='lat' dir='ltr'><strong>pecudum</strong></span> <span class='ocrx_word' id='word_1_168' title='bbox 606 3131 638 3189; x_wconf 89' lang='lat' dir='ltr'><strong>in</strong></span> <span class='ocrx_word' id='word_1_169' title='bbox 660 3147 781 3190; x_wconf 86' lang='lat' dir='ltr'><strong>morem</strong></span> <span class='ocrx_word' id='word_1_170' title='bbox 802 3142 970 3202; x_wconf 83' lang='lat' dir='ltr'><strong>mactatos,</strong></span> <span class='ocrx_word' id='word_1_171' title='bbox 997 3130 1072 3191; x_wconf 88' lang='lat' dir='ltr'><strong>aiios</strong></span> <span class='ocrx_word' id='word_1_172' title='bbox 1094 3131 1128 3190; x_wconf 91' lang='lat' dir='ltr'><strong>iu</strong></span> <span class='ocrx_word' id='word_1_173' title='bbox 1145 3133 1243 3192; x_wconf 82' lang='lat' dir='ltr'><strong>servi·</strong></span> 
     </span>
     <span class='ocr_line' id='line_1_24' title="bbox 213 3225 1242 3309; baseline 0.001 -16"><span class='ocrx_word' id='word_1_174' title='bbox 213 3240 313 3293; x_wconf 89' lang='lat' dir='ltr'><strong>tutem</strong></span> <span class='ocrx_word' id='word_1_175' title='bbox 331 3229 485 3293; x_wconf 86' lang='lat' dir='ltr'><strong>abductos</strong></span> <span class='ocrx_word' id='word_1_176' title='bbox 499 3251 535 3291; x_wconf 86' lang='lat' dir='ltr'><strong>ae</strong></span> <span class='ocrx_word' id='word_1_177' title='bbox 552 3230 714 3291; x_wconf 78' lang='lat' dir='ltr'><strong>maximam</strong></span> <span class='ocrx_word' id='word_1_178' title='bbox 724 3246 848 3309; x_wconf 82' lang='lat' dir='ltr'><strong>tempor</strong></span> <span class='ocrx_word' id='word_1_179' title='bbox 859 3225 1108 3292; x_wconf 87' lang='lat' dir='ltr'><strong>Christianorum</strong></span> <span class='ocrx_word' id='word_1_180' title='bbox 1122 3232 1154 3290; x_wconf 91' lang='lat' dir='ltr'><strong>in</strong></span> <span class='ocrx_word' id='word_1_181' title='bbox 1167 3232 1242 3295; x_wconf 83' lang='lat' dir='ltr'><strong>Asia</strong></span> 
     </span>
     <span class='ocr_line' id='line_1_25' title="bbox 214 3326 1243 3412; baseline -0.003 -18"><span class='ocrx_word' id='word_1_182' title='bbox 214 3333 415 3394; x_wconf 84' lang='lat' dir='ltr'><strong>servientium</strong></span> <span class='ocrx_word' id='word_1_183' title='bbox 432 3329 669 3399; x_wconf 75' lang='lat' dir='ltr'><strong>multitudinem.</strong></span> <span class='ocrx_word' id='word_1_184' title='bbox 704 3326 802 3392; x_wconf 86' lang='lat' dir='ltr'><strong>Jubet</strong></span> <span class='ocrx_word' id='word_1_185' title='bbox 817 3327 932 3390; x_wconf 66' lang='lat' dir='ltr'><strong>(lunda</strong></span> <span class='ocrx_word' id='word_1_186' title='bbox 947 3331 1148 3392; x_wconf 85' lang='lat' dir='ltr'><strong>considerare</strong></span> <span class='ocrx_word' id='word_1_187' title='bbox 1163 3334 1243 3412; x_wconf 65' lang='lat' dir='ltr'><strong>quiid</strong></span> 
     </span>
     <span class='ocr_line' id='line_1_26' title="bbox 212 3428 1242 3512; baseline 0.003 -20"><span class='ocrx_word' id='word_1_188' title='bbox 212 3434 322 3495; x_wconf 82' lang='lat' dir='ltr'><strong>ultimo</strong></span> <span class='ocrx_word' id='word_1_189' title='bbox 342 3431 486 3506; x_wconf 90' lang='lat' dir='ltr'><strong>tandem,</strong></span> <span class='ocrx_word' id='word_1_190' title='bbox 506 3446 578 3510; x_wconf 89' lang='lat' dir='ltr'><strong>post</strong></span> <span class='ocrx_word' id='word_1_191' title='bbox 596 3445 643 3492; x_wconf 93' lang='lat' dir='ltr'><strong>tot</strong></span> <span class='ocrx_word' id='word_1_192' title='bbox 658 3429 753 3491; x_wconf 87' lang='lat' dir='ltr'><strong>hostis</strong></span> <span class='ocrx_word' id='word_1_193' title='bbox 773 3446 948 3504; x_wconf 77' lang='lat' dir='ltr'><strong>successus,</strong></span> <span class='ocrx_word' id='word_1_194' title='bbox 967 3428 1112 3492; x_wconf 80' lang='lat' dir='ltr'><strong>futumm</strong></span> <span class='ocrx_word' id='word_1_195' title='bbox 1129 3448 1242 3512; x_wconf 83' lang='lat' dir='ltr'><strong>putata</strong></span> 
     </span>
     <span class='ocr_line' id='line_1_27' title="bbox 213 3527 1243 3613; baseline 0.003 -21"><span class='ocrx_word' id='word_1_196' title='bbox 213 3531 338 3593; x_wconf 83' lang='lat' dir='ltr'><strong>dehent.</strong></span> <span class='ocrx_word' id='word_1_197' title='bbox 378 3528 522 3595; x_wconf 82' lang='lat' dir='ltr'><strong>Ostendit</strong></span> <span class='ocrx_word' id='word_1_198' title='bbox 549 3546 690 3613; x_wconf 86' lang='lat' dir='ltr'><strong>paratum</strong></span> <span class='ocrx_word' id='word_1_199' title='bbox 710 3546 743 3594; x_wconf 86' lang='lat' dir='ltr'><strong>et</strong></span> <span class='ocrx_word' id='word_1_200' title='bbox 766 3529 957 3603; x_wconf 80' lang='lat' dir='ltr'><strong>accinctum,</strong></span> <span class='ocrx_word' id='word_1_201' title='bbox 988 3527 1116 3611; x_wconf 86' lang='lat' dir='ltr'><strong>jamque</strong></span> <span class='ocrx_word' id='word_1_202' title='bbox 1137 3534 1243 3595; x_wconf 83' lang='lat' dir='ltr'><strong>ineur-</strong></span> 
     </span>
     <span class='ocr_line' id='line_1_28' title="bbox 213 3628 1243 3708; baseline -0.002 -12"><span class='ocrx_word' id='word_1_203' title='bbox 213 3645 331 3696; x_wconf 84' lang='lat' dir='ltr'><strong>santem</strong></span> <span class='ocrx_word' id='word_1_204' title='bbox 349 3630 516 3693; x_wconf 78' lang='lat' dir='ltr'><strong>adversum</strong></span> <span class='ocrx_word' id='word_1_205' title='bbox 533 3649 591 3696; x_wconf 85' lang='lat' dir='ltr'><strong>nos</strong></span> <span class='ocrx_word' id='word_1_206' title='bbox 607 3628 738 3693; x_wconf 85' lang='lat' dir='ltr'><strong>hostem.</strong></span> <span class='ocrx_word' id='word_1_207' title='bbox 789 3633 875 3694; x_wconf 84' lang='lat' dir='ltr'><strong>Tum</strong></span> <span class='ocrx_word' id='word_1_208' title='bbox 891 3630 1006 3692; x_wconf 83' lang='lat' dir='ltr'><strong>erebro</strong></span> <span class='ocrx_word' id='word_1_209' title='bbox 1026 3631 1243 3708; x_wconf 75' lang='lat' dir='ltr'><strong>iliud**)uui·</strong></span> 
     </span>
     <span class='ocr_line' id='line_1_29' title="bbox 212 3730 1243 3812; baseline -0.002 -19"><span class='ocrx_word' id='word_1_210' title='bbox 212 3752 285 3794; x_wconf 87' lang='lat' dir='ltr'><strong>cum</strong></span> <span class='ocrx_word' id='word_1_211' title='bbox 305 3751 399 3812; x_wconf 88' lang='lat' dir='ltr'><strong>super</strong></span> <span class='ocrx_word' id='word_1_212' title='bbox 422 3732 571 3808; x_wconf 70' lang='lat' dir='ltr'><strong>incuitat,</strong></span> <span class='ocrx_word' id='word_1_213' title='bbox 602 3752 697 3812; x_wconf 82' lang='lat' dir='ltr'><strong>potes</strong></span> <span class='ocrx_word' id='word_1_214' title='bbox 714 3732 776 3793; x_wconf 83' lang='lat' dir='ltr'><strong>hoo</strong></span> <span class='ocrx_word' id='word_1_215' title='bbox 799 3733 830 3792; x_wconf 87' lang='lat' dir='ltr'><strong>in</strong></span> <span class='ocrx_word' id='word_1_216' title='bbox 851 3750 923 3794; x_wconf 84' lang='lat' dir='ltr'><strong>casu</strong></span> <span class='ocrx_word' id='word_1_217' title='bbox 947 3730 1066 3793; x_wconf 86' lang='lat' dir='ltr'><strong>ducere</strong></span> <span class='ocrx_word' id='word_1_218' title='bbox 1087 3732 1243 3794; x_wconf 72' lang='lat' dir='ltr'><strong>somam?</strong></span> 
     </span>
     <span class='ocr_line' id='line_1_30' title="bbox 211 3830 1242 3916; baseline -0.006 -19"><span class='ocrx_word' id='word_1_219' title='bbox 211 3835 289 3897; x_wconf 81' lang='lat' dir='ltr'><strong>Non</strong></span> <span class='ocrx_word' id='word_1_220' title='bbox 301 3852 445 3896; x_wconf 89' lang='lat' dir='ltr'><strong>somnum</strong></span> <span class='ocrx_word' id='word_1_221' title='bbox 466 3833 560 3916; x_wconf 82' lang='lat' dir='ltr'><strong>igitur</strong></span> <span class='ocrx_word' id='word_1_222' title='bbox 586 3835 685 3914; x_wconf 83' lang='lat' dir='ltr'><strong>capit,</strong></span> <span class='ocrx_word' id='word_1_223' title='bbox 708 3831 766 3894; x_wconf 86' lang='lat' dir='ltr'><strong>sed</strong></span> <span class='ocrx_word' id='word_1_224' title='bbox 788 3833 903 3913; x_wconf 82' lang='lat' dir='ltr'><strong>vigilat.</strong></span> <span class='ocrx_word' id='word_1_225' title='bbox 948 3832 990 3893; x_wconf 83' lang='lat' dir='ltr'><strong>Et</strong></span> <span class='ocrx_word' id='word_1_226' title='bbox 1010 3832 1036 3892; x_wconf 91' lang='lat' dir='ltr'><strong>si</strong></span> <span class='ocrx_word' id='word_1_227' title='bbox 1060 3830 1242 3913; x_wconf 79' lang='lat' dir='ltr'><strong>agnoscitis,</strong></span> 
     </span>
     <span class='ocr_line' id='line_1_31' title="bbox 212 3926 1243 4016; baseline -0.004 -19"><span class='ocrx_word' id='word_1_228' title='bbox 212 3935 303 3999; x_wconf 81' lang='lat' dir='ltr'><strong>vobis</strong></span> <span class='ocrx_word' id='word_1_229' title='bbox 325 3935 451 4016; x_wconf 66' lang='lat' dir='ltr'><strong>vigim,</strong></span> <span class='ocrx_word' id='word_1_230' title='bbox 479 3933 635 4016; x_wconf 77' lang='lat' dir='ltr'><strong>notrisque</strong></span> <span class='ocrx_word' id='word_1_231' title='bbox 661 3930 816 3995; x_wconf 87' lang='lat' dir='ltr'><strong>omnibus.</strong></span> <span class='ocrx_word' id='word_1_232' title='bbox 855 3929 916 3994; x_wconf 87' lang='lat' dir='ltr'><strong>Cui</strong></span> <span class='ocrx_word' id='word_1_233' title='bbox 941 3932 966 3993; x_wconf 86' lang='lat' dir='ltr'><strong>si</strong></span> <span class='ocrx_word' id='word_1_234' title='bbox 994 3931 1120 4012; x_wconf 66' lang='lat' dir='ltr'><strong>prendo</strong></span> <span class='ocrx_word' id='word_1_235' title='bbox 1146 3926 1243 3993; x_wconf 84' lang='lat' dir='ltr'><strong>Chri-</strong></span> 
     </span>
     <span class='ocr_line' id='line_1_32' title="bbox 206 4031 1241 4117; baseline -0.008 -15"><span class='ocrx_word' id='word_1_236' title='bbox 206 4044 279 4102; x_wconf 86' lang='lat' dir='ltr'><strong>&#39;stus</strong></span> <span class='ocrx_word' id='word_1_237' title='bbox 300 4039 436 4117; x_wconf 89' lang='lat' dir='ltr'><strong>optimus</strong></span> <span class='ocrx_word' id='word_1_238' title='bbox 449 4034 532 4111; x_wconf 55' lang='lat' dir='ltr'><strong>aaa),</strong></span> <span class='ocrx_word' id='word_1_239' title='bbox 553 4032 698 4105; x_wconf 84' lang='lat' dir='ltr'><strong>dederit,</strong></span> <span class='ocrx_word' id='word_1_240' title='bbox 725 4048 762 4094; x_wconf 89' lang='lat' dir='ltr'><strong>ut</strong></span> <span class='ocrx_word' id='word_1_241' title='bbox 781 4051 839 4093; x_wconf 87' lang='lat' dir='ltr'><strong>vos</strong></span> <span class='ocrx_word' id='word_1_242' title='bbox 860 4050 920 4092; x_wconf 84' lang='lat' dir='ltr'><strong>suo</strong></span> <span class='ocrx_word' id='word_1_243' title='bbox 934 4032 1105 4110; x_wconf 87' lang='lat' dir='ltr'><strong>exemplo,</strong></span> <span class='ocrx_word' id='word_1_244' title='bbox 1131 4031 1170 4093; x_wconf 83' lang='lat' dir='ltr'><strong>ab</strong></span> <span class='ocrx_word' id='word_1_245' title='bbox 1186 4034 1241 4094; x_wconf 86' lang='lat' dir='ltr'><strong>ilio</strong></span> 
     </span>
     <span class='ocr_line' id='line_1_33' title="bbox 213 4131 1241 4225; baseline -0.004 -24"><span class='ocrx_word' id='word_1_246' title='bbox 213 4138 368 4202; x_wconf 87' lang='lat' dir='ltr'><strong>diutumo</strong></span> <span class='ocrx_word' id='word_1_247' title='bbox 394 4156 507 4225; x_wconf 77' lang='lat' dir='ltr'><strong>somup</strong></span> <span class='ocrx_word' id='word_1_248' title='bbox 539 4145 744 4214; x_wconf 75' lang='lat' dir='ltr'><strong>experrectus</strong></span> <span class='ocrx_word' id='word_1_249' title='bbox 770 4131 894 4208; x_wconf 81' lang='lat' dir='ltr'><strong>videat,</strong></span> <span class='ocrx_word' id='word_1_250' title='bbox 930 4146 996 4194; x_wconf 88' lang='lat' dir='ltr'><strong>tum</strong></span> <span class='ocrx_word' id='word_1_251' title='bbox 1025 4150 1060 4193; x_wconf 84' lang='lat' dir='ltr'><strong>se</strong></span> <span class='ocrx_word' id='word_1_252' title='bbox 1085 4149 1175 4211; x_wconf 86' lang='lat' dir='ltr'><strong>putat</strong></span> <span class='ocrx_word' id='word_1_253' title='bbox 1201 4133 1241 4197; x_wconf 80' lang='lat' dir='ltr'><strong>ad</strong></span> 
     </span>
    </p>
   </div>
   <div class='ocr_carea' id='block_1_3' title="bbox 219 4285 414 4318">
    <p class='ocr_par' dir='ltr' id='par_1_3' title="bbox 219 4285 414 4318">
     <span class='ocr_line' id='line_1_34' title="bbox 219 4285 414 4318; baseline -0.021 -16"><span class='ocrx_word' id='word_1_254' title='bbox 219 4285 414 4318; x_wconf 73' lang='lat'><strong>,.....-....</strong></span> 
     </span>
    </p>
   </div>
   <div class='ocr_carea' id='block_1_4' title="bbox 247 4367 1267 4523">
    <p class='ocr_par' dir='ltr' id='par_1_4' title="bbox 247 4367 1267 4523">
     <span class='ocr_line' id='line_1_35' title="bbox 247 4367 1267 4436; baseline -0.016 -10"><span class='ocrx_word' id='word_1_255' title='bbox 247 4369 279 4436; x_wconf 73' lang='lat'><strong>⁸)</strong></span> <span class='ocrx_word' id='word_1_256' title='bbox 296 4379 332 4425; x_wconf 82' lang='lat' dir='ltr'><strong>u:</strong></span> <span class='ocrx_word' id='word_1_257' title='bbox 362 4377 409 4424; x_wconf 79' lang='lat' dir='ltr'><strong>nn.</strong></span> <span class='ocrx_word' id='word_1_258' title='bbox 466 4367 513 4435; x_wconf 68' lang='lat'><strong>⁹⁹)</strong></span> <span class='ocrx_word' id='word_1_259' title='bbox 531 4373 591 4433; x_wconf 71' lang='lat' dir='ltr'><strong>naeu</strong></span> <span class='ocrx_word' id='word_1_260' title='bbox 615 4367 688 4419; x_wconf 71' lang='lat' dir='ltr'><strong>tuum</strong></span> <span class='ocrx_word' id='word_1_261' title='bbox 718 4374 833 4428; x_wconf 71' lang='lat' dir='ltr'><strong>unicum,</strong></span> <span class='ocrx_word' id='word_1_262' title='bbox 863 4371 923 4418; x_wconf 74' lang='lat' dir='ltr'><strong>oter</strong></span> <span class='ocrx_word' id='word_1_263' title='bbox 949 4372 1079 4427; x_wconf 65' lang='lat' dir='ltr'><strong>antennae</strong></span> <span class='ocrx_word' id='word_1_264' title='bbox 1106 4368 1267 4428; x_wconf 44' lang='lat' dir='ltr'><strong>tetgerum.</strong></span> 
     </span>
     <span class='ocr_line' id='line_1_36' title="bbox 250 4453 976 4523; baseline -0.01 -14"><span class='ocrx_word' id='word_1_265' title='bbox 250 4456 312 4523; x_wconf 55' lang='grc' dir='ltr'><strong>Ν)</strong></span> <span class='ocrx_word' id='word_1_266' title='bbox 336 4464 449 4508; x_wconf 80' lang='lat' dir='ltr'><strong>ctrtstut</strong></span> <span class='ocrx_word' id='word_1_267' title='bbox 469 4460 594 4516; x_wconf 74' lang='lat' dir='ltr'><strong>optimus:</strong></span> <span class='ocrx_word' id='word_1_268' title='bbox 612 4456 693 4520; x_wconf 80' lang='lat' dir='ltr'><strong>Deus,</strong></span> <span class='ocrx_word' id='word_1_269' title='bbox 711 4461 752 4503; x_wconf 78' lang='lat' dir='ltr'><strong>aut</strong></span> <span class='ocrx_word' id='word_1_270' title='bbox 769 4456 866 4503; x_wconf 73' lang='lat' dir='ltr'><strong>rodunt</strong></span> <span class='ocrx_word' id='word_1_271' title='bbox 882 4453 976 4503; x_wconf 74' lang='lat' dir='ltr'><strong>melior.</strong></span> 
     </span>
    </p>
   </div>
   <div class='ocr_carea' id='block_1_5' title="bbox 0 0 1316 5108">
    <p class='ocr_par' dir='ltr' id='par_1_5' title="bbox 0 0 1316 5108">
     <span class='ocr_line' id='line_1_37' title="bbox 0 0 1316 5108; baseline 0 3"><span class='ocrx_word' id='word_1_272' title='bbox 0 0 1316 5108; x_wconf 95' lang='lat' dir='ltr'><strong> </strong></span> 
     </span>
    </p>
   </div>
  </div>
 </body>
</html>
