2624 5108
208 890 287 968 278-
565 884 730 986 Epistola
751 885 866 962 lentie

211 1084 304 1136 Arma
323 1095 413 1152 cape,
435 1079 641 1153 indomitoque
657 1088 722 1136 mee
737 1090 823 1135 motu
838 1092 942 1134 assere
961 1076 1081 1146 leudes,

282 1174 361 1249 Quid
379 1184 466 1229 vorat
482 1174 633 1231 Ausonius
649 1172 785 1231 Gallicus
802 1172 898 1229 hostis
917 1174 1014 1246 opes?

212 1268 321 1324 Omnia
336 1268 460 1323 victoris
477 1267 624 1321 mirantur
639 1274 763 1338 pectore
780 1264 877 1334 Galli,

281 1362 348 1417 lloc
365 1371 396 1414 tu
414 1359 567 1416 materiam
582 1359 678 1415 leudis
694 1358 732 1414 sb
748 1358 836 1413 hoste
853 1367 932 1430 pete.

188 1498 190 1502 ,
211 1450 324 1507 Moesta
346 1436 681 1524 precor,'genibusque
698 1452 756 1507 tuis
772 1451 927 1522 prasentia
944 1449 1033 1505 tendo

281 1544 423 1610 Brachia,
442 1543 583 1614 depuduit
599 1544 741 1616 supplicis
760 1558 826 1599 esse
843 1544 925 1598 leco.

210 1635 338 1691 Rectus
357 1645 464 1691 cuncta
482 1637 574 1707 perit,
593 1637 767 1695 summisse
787 1635 941 1692 rdmiscuit
958 1637 1017 1690 ime
1027 1676 1037 1705 ‚

278 1728 378 1797 Vergit
398 1729 425 1783 in
445 1744 611 1798 occasum,
633 1730 658 1784 si
677 1746 734 1801 qus
754 1744 893 1800 supreme
912 1729 977 1784 tuit.

209 1817 281 1876 Non
300 1823 408 1875 modus
427 1832 489 1890 est,
512 1840 573 1876 non
592 1828 653 1890 est,
670 1822 721 1894 qui
740 1820 857 1890 debuit,
876 1821 954 1875 erdo
972 1820 1119 1890 morum‚'

278 1913 453 1969 Turbamus
470 1918 566 1972 mixto
584 1920 688 1989 fasque
706 1917 851 1987 nefasque
871 1916 956 1970 loco.

208 2002 348 2060 Dilanior
365 2009 467 2078 patriis
486 2008 621 2064 obrioxia
639 2011 716 2065 fectu
734 2008 895 2080 Tyrannis.

276 2097 315 2151 Ut
333 2112 464 2168 taccam,
484 2112 609 2157 externo
628 2102 770 2174 quidquid
788 2099 825 2156 ab
843 2101 931 2156 hoste
951 2095 1019 2157 tuli:

207 2189 318 2245 Psstor
336 2192 414 2260 eris,
433 2192 568 2249 servabis
589 2210 679 2261 oves,
697 2194 837 2267 purgabis
856 2194 955 2264 ovile',

276 2283 433 2341 Lustrabis
451 2304 517 2360 quae
534 2304 614 2342 nunc
633 2286 704 2341 illita
722 2288 812 2343 sorde
826 2288 940 2358 jacent.
983 2268 987 2275 ’

207 2374 274 2447 ipss
292 2378 495 2449 pusillanimes
513 2381 620 2437 Rome
633 2384 684 2451 jus
703 2379 803 2435 dicere
822 2378 958 2449 scribes,

277 2471 353 2527 Cum
371 2474 479 2543 video,
498 2484 527 2528 et
544 2474 626 2529 nullo
646 2483 771 2546 pectore
789 2473 894 2541 vulgus
914 2472 993 2527 iners
1004 2512 1013 2540 ,

208 2559 328 2638 Quique
347 2567 520 2622 sacerdotes
539 2566 623 2622 titulo
643 2576 730 2621 tenus
749 2566 849 2621 omnis
868 2565 999 2630 ducunt,

275 2654 395 2729 Quique
416 2659 526 2716 bibunt
542 2675 663 2735 semper
680 2660 824 2731 plurime,
845 2657 957 2730 quique
972 2656 1096 2725 v'orsnt,

203 2743 444 2820 Molliculosque
461 2752 619 2819 homines,
638 2764 667 2811 et
683 2753 770 2815 inerti
789 2750 882 2807 corde
899 2747 1046 2819 supinos,

275 2839 396 2913 Quique
414 2843 466 2898 ubi
487 2853 574 2913 sunt,
594 2856 724 2914 quorum
744 2843 820 2896 iacta
838 2843 954 2895 reterre
973 2841 1073 2911 pudet.

203 2929 244 2987 Et
260 2934 370 3003 pudet,
392 2941 421 2986 et
439 2932 558 3000 dicam,
576 2934 720 2991 Pathicos
739 2950 864 3003 regnare
883 2932 1023 3005 cynredos

273 3025 350 3079 Cum
368 3024 476 3093 video,
495 3027 626 3082 Romam
643 3036 714 3082 tunc
733 3028 823 3098 pudet
843 3042 909 3082 esse
928 3040 1038 3082 meum.

203 3114 255 3171 Dii
273 3115 399 3185 melius,
418 3135 507 3189 quam
526 3127 557 3173 tu
576 3121 718 3190 desperes
739 3118 793 3174 ista
807 3119 934 3189 juvare,

272 3210 320 3264 Sic
339 3211 452 3279 cecidi,
471 3221 504 3266 ut
522 3227 644 3282 possem
664 3226 788 3282 surgere
806 3214 888 3285 lepss
906 3222 1017 3268 tamen.

203 3300 326 3359 Grande
345 3305 465 3374 quidem
485 3302 612 3369 vulnus,
632 3304 686 3357 sed
704 3304 802 3359 adhuc
814 3288 1011 3372 medicabile,
1025 3310 1166 3361 uestrum
1181 3310 1228 3361 cst

271 3396 339 3449 Nec
358 3395 432 3449 levis
451 3403 514 3462 est,
535 3411 593 3448 nec
612 3396 708 3451 adhuc
726 3398 810 3469 plaga
828 3403 945 3453 recussi
964 3412 1066 3466 opem.

203 3483 273 3540 Jsm
292 3487 347 3540 nisi
366 3494 397 3538 tu
415 3486 544 3542 redimas
554 3529 564 3556 ‚
585 3488 642 3542 nisi
661 3497 690 3543 te
712 3490 787 3545 duce
806 3488 902 3545 libers
919 3494 1049 3556 restem,

272 3579 336 3632 Tot
353 3579 472 3632 venient
490 3595 595 3650 reges,
615 3580 669 3653 qui
684 3580 772 3639 iucile
791 3582 863 3637 illud
881 3589 977 3651 egent.

139 3732 142 3743 ¹
202 3669 251 3727 Ne
270 3669 332 3725 sine
351 3678 380 3724 te
398 3669 477 3726 vinci
488 3711 497 3739 ,
515 3689 554 3726 ne
573 3689 638 3745 quae
655 3680 703 3728 tus
723 3675 845 3746 propria
861 3675 926 3730 leus
948 3679 1011 3742 est,

273 3762 356 3817 Hanc
375 3763 505 3835 aliquem
523 3765 620 3820 medis
638 3765 831 3839 praeripuisse
848 3782 947 3820 mors.

202 3853 271 3911 Nec
289 3854 341 3909 tibi
361 3856 522 3912 Trinacrio
544 3858 705 3914 sulcandos
724 3858 823 3913 littore
842 3858 950 3912 lluctus

271 3948 443 4020 Praepono,
463 3959 511 4004 aut
529 3950 634 4006 dubias
652 3950 764 4005 findere
785 3949 881 4005 classe
899 3948 973 4002 vias.

202 4040 242 4097 Ut
260 4041 333 4096 mihi
351 4058 400 4096 me
423 4042 546 4110 reddas,
564 4051 597 4097 ut
614 4049 642 4097 te
661 4040 691 4097 in
708 4050 757 4098 tus
770 4043 839 4112 jura
858 4039 1003 4109 reducas,

271 4134 361 4208 Quod
381 4134 491 4204 facies,
508 4143 558 4191 tus
576 4152 630 4206 per
648 4152 738 4205 regna
756 4124 960 4189 tenebis'iter.

202 4225 308 4284 Omnis
327 4226 363 4281 ab
383 4229 517 4300 apposita
534 4228 587 4285 tibi
606 4244 640 4286 se
656 4242 762 4284 manus
781 4224 880 4298 adjicit
898 4224 996 4297 Alpe,

268 4317 423 4388 Majorem
441 4321 522 4390 vim,
540 4339 601 4393 quo
618 4322 738 4391 longius
757 4317 815 4375 ibis
825 4360 835 4388 ,
853 4316 958 4375 habes.

200 4408 268 4467 Nec
286 4418 398 4465 tantum
419 4413 550 4469 adversm
567 4404 702 4470 minuent
720 4424 769 4467 tua
786 4410 901 4467 robers
919 4424 1023 4481 pugna
1033 4449 1044 4480 ,

269 4500 421 4578 Quantum
439 4504 521 4564 ecies
538 4504 645 4565 subitis
665 4514 783 4565 crescet
801 4504 838 4561 eb
856 4502 985 4563 auxiliis.
