2624 5108
513 831 639 915 Oratio
664 833 793 907 Prima.
1074 946 1077 951 Ι
1109 846 1153 918 67

147 1025 319 1112 auspicum
341 1026 396 1102 ait,
422 1024 481 1089 aed
506 1024 580 1109 qttia
602 1028 690 1090 multi
713 1025 814 1089 minua
833 1026 1044 1092 erediderunt.
1080 1034 1154 1110 Qua

142 1132 175 1193 in
194 1150 232 1194 re
252 1140 412 1211 nunquam
429 1144 480 1189 me
498 1128 605 1202 dolor,
625 1148 666 1188 ex
688 1147 753 1209 quo
773 1126 873 1189 omnis
893 1128 1021 1208 profluit
1039 1132 1151 1207 oratio,

142 1228 288 1303 deliciet,
314 1218 363 1290 illa
380 1227 479 1311 magia
498 1250 568 1311 quae
587 1228 626 1289 ad
644 1228 873 1289 ostendendum
890 1246 963 1288 eum
979 1231 1151 1308 pertinent,

144 1328 423 1403 desiderabantur,
465 1328 721 1412 quandoquidem
756 1328 850 1409 digna
889 1325 935 1388 his
972 1327 1152 1390 criminibus

147 1428 249 1491 oratio
265 1428 401 1491 inveniri
416 1448 480 1491 non
499 1440 611 1509 potest.
649 1429 758 1490 Verba
777 1447 841 1487 non
861 1420 1037 1507 arrppetrurt.
1076 1430 1153 1489 Nul-

146 1532 208 1595 lius
218 1540 302 1593 tanta
314 1528 364 1591 via
379 1528 526 1604 oratoria,
546 1550 614 1611 que
624 1528 672 1591 rei
688 1527 822 1590 satiarit.
862 1525 1018 1605 Experiar
1033 1539 1152 1604 tomen,

146 1631 175 1697 ai
191 1632 253 1694 hoc
269 1626 357 1710 prius
380 1626 603 1709 impetravero,
633 1638 669 1690 ut
690 1631 784 1709 paulo
800 1627 889 1691 altius
904 1631 1058 1710 repetenti
1079 1630 1152 1692 mihi

140 1727 356 1795 narrationem
373 1728 467 1803 hanc,
491 1727 644 1810 benignas
662 1738 699 1789 ut
714 1728 815 1791 facitis
841 1748 932 1791 aures
949 1730 1153 1809 pra-bueritis.

141 1830 253 1895 Dicam
272 1828 342 1911 ipae
361 1847 453 1903 vere3
482 1826 583 1889 dicam
605 1848 665 1907 pro
688 1827 736 1890 rei
765 1826 978 1911 magnitudine
1004 1829 1153 1891 breviter.

143 1930 286 1994 Primum
315 1918 457 1991 omriium
489 1926 657 1989 arctissima
690 1926 753 1989 luit
789 1928 957 2013 aliquando
988 1912 1060 1993 eum
1092 1930 1155 1993 hoe
1191 1968 1195 1979 -

142 2032 283 2105 latrone,
311 2028 367 2111 qui
388 2028 492 2090 donee
513 2024 587 2088 vitia
607 2028 758 2102 latebant,
785 2029 888 2090 bonus
901 2028 1047 2109 princeps
1065 2028 1163 2110 puta·¹

140 2130 253 2207 batur,
282 2127 336 2191 iati
357 2122 528 2190 Ludovioo
552 2125 694 2189 amicitia.
743 2126 856 2212 ltaque
873 2130 907 2191 in
930 2131 1051 2213 magnis
1072 2152 1154 2213 saepe

144 2242 177 2291 et
202 2227 387 2293 necessariis
416 2228 512 2291 rehua
546 2226 634 2289 dedit
664 2249 730 2290 non
760 2228 895 2291 obseura
927 2231 1155 2291 berrevolentie

147 2348 223 2413 erga
249 2328 406 2391 hominem
435 2348 498 2390 aue
524 2326 728 2403 documenta,
765 2330 991 2411 sperabatrpre,
1031 2338 1066 2389 ut
1099 2350 1157 2407 par

147 2438 215 2505 ert,
232 2426 367 2491 invicem
381 2428 449 2510 ipae
466 2426 585 2489 eadem.
623 2429 737 2508 Neque
751 2428 801 2489 hie
817 2449 883 2489 non
900 2429 1041 2502 dicebat,
1060 2427 1156 2489 lacie-

145 2528 266 2611 batque
276 2527 392 2604 omnia,
413 2526 513 2589 dicam
522 2526 621 2599 errim,
641 2536 676 2586 ut
687 2546 739 2588 res
748 2526 855 2595 habet,
877 2548 947 2608 quae
961 2526 1000 2589 ad
1015 2527 1156 2589 amicitie

145 2630 258 2702 llalem,
290 2646 327 2689 ae
348 2638 485 2690 mutuam
511 2624 761 2688 benevolentiam
788 2626 945 2705 pertinent
962 2628 1003 2703 l).
1042 2626 1185 2689 Frema·

147 2748 185 2789 ea
204 2726 426 2802 familiaritate,
463 2746 500 2787 ae
524 2724 657 2805 optima,
690 2746 784 2808 qnam
809 2726 849 2787 de
871 2726 933 2795 hoe
951 2737 1156 2807 conceperat,

148 2825 318 2907 opinione,
344 2844 460 2901 senex,
491 2845 557 2909 quo
572 2836 647 2886 tune
661 2825 738 2889 nihil
755 2826 933 2907 pulchrius,
960 2826 1036 2888 nihil
1054 2826 1158 2889 carina

144 2926 294 3002 habebat,
314 2948 357 2989 ex
373 2936 510 3009 quatrror
529 2923 598 2987 liliis
613 2946 711 2987 umnn
726 2926 759 2988 in
776 2928 906 2989 aulicam
923 2927 1069 2989 familiam
1085 2926 1158 2989 huic

147 3026 318 3101 commisit,
338 3035 374 3087 ut
396 3046 436 3087 eo
450 3024 634 3087 convictore
651 3044 723 3088 eum
737 3037 896 3102 uteretur,
917 3039 949 3088 et
964 3028 1032 3109 ipse
1046 3026 1159 3108 jucun·

150 3124 277 3189 diaaime
297 3135 426 3209 ageret,
460 3124 650 3199 eratenim,
683 3136 719 3187 ut
748 3125 848 3189 noetio
878 3126 1043 3202 Germani,
1083 3125 1159 3188 nihil

149 3224 316 3300 amemur,
346 3222 421 3287 nihil
450 3222 577 3286 suavius
600 3220 723 3304 juvenis
744 3225 905 3299 moribus,
943 3234 974 3285 et
999 3244 1160 3306 nunquam

148 3324 269 3409 aliquid
292 3324 333 3387 de
359 3344 467 3386 amore
493 3324 527 3385 iu
553 3332 688 3404 patrem,
719 3325 811 3403 eujua
842 3324 912 3386 talia
947 3333 1029 3387 estet
1059 3322 1158 3394 lilius,

145 3424 331 3488 remitteret.
370 3423 487 3486 Videte
509 3421 667 3507 ingentem
688 3426 822 3490 hominia
845 3423 1079 3509 benignitatem.
1116 3422 1161 3483 Ut

145 3526 221 3588 huie
237 3524 445 3609 gratificaret,
480 3532 622 3586 extremo
649 3525 817 3589 senectutis
844 3548 906 3588 suae
931 3525 1160 3587 oblectamento

150 3626 256 3687 carere
272 3622 385 3686 voluit.
423 3625 467 3688 Ut
482 3644 600 3707 aramme
615 3625 699 3685 hune
717 3644 819 3688 amare
836 3626 1014 3700 videretur,
1034 3623 1161 3687 frauda-

151 3724 196 3787 vit
208 3744 243 3787 σε
252 3722 424 3788 domestica
436 3723 620 3787 amoenitate.
659 3722 737 3787 Suaa
748 3725 886 3802 delitias,
906 3746 998 3789 auum
1008 3743 1161 3787 summurn

147 3824 293 3888 aulalium
309 3822 384 3887 huie
400 3823 580 3904 impertivit.
621 3820 744 3886 laterea
760 3842 795 3884 ae
811 3833 958 3899 strenue,
984 3844 1021 3885 ae
1036 3822 1162 3886 fortiter

146 3922 257 3988 habuit
285 3926 371 4007 apud
397 3927 480 3987 hunc
508 3924 649 3988 Juveuia.
687 3920 888 4006 Equitando,
916 3922 1101 4004 jaculando,
1128 3920 1163 3982 in

148 4024 236 4086 omni
255 4026 359 4102 aerio,
380 4044 415 4085 ae
434 4024 509 4087 ludo
521 4024 665 4087 exerceri
676 4033 746 4085 ante
758 4022 901 4106 aequales.
938 4020 1001 4083 Ubi
1012 4030 1163 4081 certatum

147 4133 250 4200 euaet,
274 4124 367 4188 leoile
384 4125 501 4207 primur
520 4124 644 4201 haberi,
674 4124 731 4185 ubi
749 4121 893 4195 vicisset,
917 4136 1023 4201 neque
1047 4117 1164 4194 jactare

147 4222 219 4306 ipse
235 4244 289 4299 oe,
313 4244 420 4309 neque
439 4236 640 4291 contemnere
665 4225 758 4300 alioa,
787 4220 898 4284 vivere
924 4238 996 4282 eum
1020 4215 1164 4285 omribm

148 4364 343 4387 naon—..-

182 4452 213 4523 *J
231 4466 377 4523 perttnenr,
396 4464 550 4521 pertinerent.
