2624 5108
148 866 222 937 stt
588 862 719 941 Nemo.

150 1055 274 1111 Vertere
291 1056 393 1112 Nemo
410 1059 516 1126 vices,
535 1057 680 1116 iniectum
697 1061 825 1117 reddere
842 1064 955 1120 fectum
964 1104 975 1133 ,

213 1149 317 1207 Nemo
333 1160 433 1222 potest
450 1151 550 1224 tepros
567 1152 629 1209 huc
645 1170 793 1211 revocme
811 1156 887 1214 dies.

146 1239 187 1297 Et
203 1259 269 1313 quus
287 1256 431 1315 praeterea
449 1260 583 1301 numere
597 1247 677 1302 leret
695 1248 785 1303 edere
802 1250 947 1320 longum,

216 1336 297 1410 Quid
313 1338 410 1393 valeat
427 1338 545 1408 Nemo,
564 1339 666 1395 Nemo
684 1343 800 1397 referre
818 1353 929 1413 potest.

144 1428 209 1485 Una
227 1447 329 1485 meum
348 1439 450 1486 censet
468 1430 535 1486 leve
553 1432 639 1488 turbe
658 1433 822 1490 domestice
839 1436 963 1492 Numen

213 1524 438 1596 Servorumque
456 1523 590 1593 cohors,
608 1534 639 1580 et
656 1528 771 1598 puerile
788 1542 893 1597 genus.

144 1614 261 1672 Horum
282 1618 372 1672 estin
392 1619 501 1673 famem
517 1628 578 1675 tam
596 1634 693 1692 prens
710 1620 857 1677 culumnie
875 1630 1028 1693 nostram,

212 1711 251 1766 Ut
268 1711 340 1765 nihil
357 1719 523 1785 exoptent,
547 1727 637 1784 quum
654 1714 726 1769 milri
746 1713 862 1770 obesse·
872 1716 968 1787 prius.

142 1802 193 1861 Nil
211 1820 320 1859 moror
337 1804 423 1873 huc,
442 1803 571 1882 ‹iltipcrrr
591 1807 640 1867 uui
660 1802 796 1870 irritaris
815 1810 865 1871 uui
884 1806 988 1894 interp.

210 1906 389 1979 Opprobric
408 1906 515 1964 infelix
532 1908 677 1965 ulteriore
701 1920 799 1980 petor.

141 2001 240 2072 Atque
258 1999 310 2053 ubi
329 2010 513 2071 peccarunt,
530 2018 588 2057 uec
608 2002 686 2057 enim
705 2016 848 2073 peccasse
865 2002 1013 2072 fetentur,

211 2093 428 2164 Trensponunt
446 2092 530 2150 labes
548 2094 577 2148 in
595 2110 662 2148 meu
681 2103 762 2164 terge
780 2110 859 2151 suas.

142 2184 294 2262 Quicquid
314 2186 417 2242 abhis
438 2186 552 2256 culpae,
569 2186 705 2256 quisquis
724 2186 920 2242 committitur
938 2203 1045 2259 error,

209 2281 237 2335 st
256 2296 372 2352 quaerss
391 2279 458 2350 quis
476 2287 561 2348 egat,
580 2278 681 2333 omniu
698 2278 798 2334 Nemo
818 2280 898 2335 facit.

139 2374 294 2430 Amissum
314 2382 359 2427 est
377 2371 504 2444 aliquid,
521 2371 624 2427 Nemo
643 2371 779 2440 abstulit,
798 2372 909 2427 excidit
928 2388 1053 2442 nurum,

207 2466 310 2524 Nemo
330 2465 433 2520 habet.
468 2466 508 2519 At
525 2464 621 2518 nullas
639 2464 741 2520 Nemo
761 2464 888 2535 cupiscit
906 2481 990 2536 opes.

140 2558 222 2636 Quid
244 2560 326 2633 quod
344 2559 449 2614 lraude
465 2558 539 2614 mihi
557 2557 708 2628 gravidam
730 2557 889 2613 obtrusere
906 2557 1075 2615 ministrem

209 2654 273 2709 Tot
293 2653 414 2722 famuli,
434 2667 603 2724 quanquam
623 2649 702 2705 haud
724 2658 799 2704 tacte
817 2650 855 2705 sit
871 2649 920 2704 ille
937 2650 1037 2709 mihi?

142 2745 330 2821 Querendus
348 2763 445 2818 puero
464 2755 549 2817 peter
567 2754 629 2812 est,
646 2744 746 2799 Nemo
766 2742 889 2811 obtigit,
907 2752 936 2799 at
951 2752 985 2799 tu

207 2839 238 2895 si
256 2856 304 2893 me
324 2840 423 2906 audis,
441 2837 530 2892 ulium
547 2836 634 2891 stultu
652 2835 770 2907 require
789 2844 925 2906 putrem,

139 2930 223 2987 Ecce
243 2932 368 2986 infructu
380 2930 484 2999 jacent
502 2928 644 2984 hesterno
663 2944 732 2982 vass
749 2928 899 2997 tumultu,

208 3023 295 3091 Olla,
315 3021 420 3092 lebes,
439 3021 560 3094 putinae,
577 3012 906 3091 vitreolusque'eali13

140 3113 180 3171 Et
195 3116 284 3171 vuriae
304 3114 395 3185 signis
415 3114 547 3183 Phiale,
565 3114 755 3184 Seruiumque
774 3124 930 3182 toreuma,

206 3208 246 3265 Et
264 3225 368 3265 carum
386 3209 504 3263 infausti
524 3208 632 3279 cupula
651 3206 755 3277 pignus
771 3203 850 3261 heri.

140 3300 423 3375 Oenophorumque
441 3315 556 3372 capax,
575 3310 604 3353 et
621 3299 742 3354 eduncae
761 3300 920 3354 cantharus
940 3316 1036 3371 ansae,

207 3396 453 3467 Sympiniumque
471 3394 595 3461 ingens,
613 3392 838 3464 Herculeusque
858 3394 1005 3464 Scyphus.

141 3490 244 3544 Fracta
262 3488 344 3556 jacet
361 3487 493 3556 lampas,
507 3485 589 3555 jacet
604 3485 797 3555 unguentaria
815 3482 911 3557 pixis,

209 3580 344 3653 Quaque
363 3577 462 3647 gravis
480 3578 590 3647 gelidus
609 3595 682 3632 urne
700 3579 844 3633 ministrat
861 3592 963 3651 squas.

140 3671 262 3728 Sustulit
277 3672 343 3726 hare
361 3672 466 3727 eedem
484 3670 603 3740 fragiles
623 3671 733 3726 insanie
753 3679 864 3739 testas,

209 3767 248 3819 At
267 3780 385 3838 coquus
403 3765 438 3819 ad
456 3764 585 3820 solidum
608 3764 682 3819 laesit
699 3766 929 3819 shena'toeum.

141 3857 230 3913 lussit
248 3868 277 3913 et
295 3874 420 3915 eversos
438 3860 590 3931 tripodas,
611 3868 777 3929 tenuesque
795 3858 991 3929 quadrantes,

208 3953 431 4023 Neglectusque
448 3967 504 4006 suo
523 3951 603 4006 follis
621 3952 650 4004 in
669 3951 735 4020 igne
753 3950 840 4022 perit.

141 4047 361 4118 Abjectumque
380 4045 437 4099 alio
456 4043 613 4116 pistillum,
632 4042 776 4115 ebeciquc
795 4044 928 4113 revulsi,

207 4141 276 4196 Nec
293 4139 425 4192 relocata
441 4136 502 4192 suis
519 4144 640 4190 stannes
656 4152 725 4190 vase
743 4136 819 4190 locis

141 4230 179 4289 lit
199 4232 357 4305 quaerenda
375 4230 423 4285 diu
444 4229 538 4301 ruptis
556 4227 727 4284 cochlearia
743 4228 860 4297 thecis,

208 4325 412 4396 Fuscinaque,
434 4329 464 4376 et
481 4338 572 4377 coeete
590 4339 662 4378 cure
681 4322 804 4377 lucerne
826 4324 893 4378 viss.

144 4416 262 4472 Decidit
279 4432 407 4472 excussu
426 4416 535 4471 terrete
552 4417 653 4486 sagitte
673 4415 839 4485 Pheretre,

209 4510 287 4564 Ante
304 4525 377 4565 suos
394 4518 514 4565 manunt
530 4507 598 4564 vitre
615 4509 717 4565 refusa
734 4509 837 4565 cados.
