2624 5108
140 798 185 867 tt
380 786 423 860 ln
447 782 634 861 Uirichutn
656 780 909 883 Wirtenberg.

143 1006 185 1047 ex
211 993 323 1047 nauna
352 983 418 1044 hnc
446 977 669 1060 penderemus.
728 974 857 1057 Quippe
888 985 1001 1038 contra
1020 985 1168 1039 naturam

143 1082 242 1166 tnagis
256 1082 332 1146 nihil
344 1091 409 1155 est,
430 1098 525 1162 quam
542 1077 688 1139 occidere
703 1074 839 1156 primum
850 1074 1029 1151 bominem,
1049 1075 1166 1139 ‹teime

144 1204 218 1247 eum
243 1181 405 1255 occidere,
438 1200 463 1241 a·
482 1198 549 1263 quo
573 1198 638 1239 non
659 1187 779 1239 tantum
799 1174 875 1238 nihil
893 1176 983 1251 mati,
1013 1176 1071 1239 sed
1088 1176 1167 1239 boni

144 1283 239 1347 etiam
265 1284 396 1347 multum
421 1277 493 1363 quir
513 1276 669 1359 acceperit
688 1278 734 1353 *),
768 1277 883 1340 nuliam
908 1277 952 1340 ob
975 1279 1100 1357 cuipam
1125 1297 1167 1337 cx

145 1386 230 1447 nulla
246 1402 357 1457 causa,
391 1399 452 1442 nec
468 1376 504 1443 id
521 1376 647 1453 subito,
681 1398 719 1437 ac
740 1375 1031 1453 muneratione,
1062 1377 1120 1439 sed
1137 1387 1169 1440 et

143 1482 271 1556 studio,
314 1491 345 1541 et
380 1477 486 1541 dedita
514 1498 627 1560 opera,
665 1496 732 1539 non
761 1476 996 1558 imprudenter,
1036 1477 1095 1541 sed
1127 1497 1169 1539 ex

145 1578 337 1666 proposito,
363 1598 424 1639 nec
446 1578 504 1654 ita,
541 1588 578 1639 ut
601 1576 757 1641 occidisse
780 1575 853 1640 satis
879 1588 988 1659 putet,
1024 1579 1082 1639 sed
1102 1579 1169 1639 hac

146 1682 255 1755 addat,
271 1689 319 1742 ·ut
336 1677 481 1742 exanime
508 1698 624 1757 corpus
647 1688 774 1754 tractu,
810 1688 843 1737 et
867 1698 886 1739 a
910 1675 1032 1759 pietatis
1062 1675 1168 1739 officio

147 1780 329 1862 interempti
349 1778 546 1841 necessarios
567 1788 671 1841 arceat
689 1775 749 1854 **).
796 1778 900 1858 Quam
923 1778 1018 1841 multa
1033 1775 1084 1839 hic
1103 1774 1167 1837 dici

148 1890 314 1965 poterant,
351 1879 445 1943 etde
473 1891 528 1952 tua
552 1876 694 1943 carnifex
717 1876 922 1954 immanitate,
958 1877 1055 1943 etde
1084 1875 1167 1939 iilius

148 1981 331 2049 innocentia
358 1991 419 2042 tam
443 1978 575 2054 misere,
618 1989 681 2041 tam
706 1978 856 2042 atrociter
882 1978 938 2041 abs
963 1989 996 2043 te
1021 1976 1169 2041 confecti.

149 2081 215 2146 Sed
233 2080 309 2163 quia
334 2081 367 2141 in
391 2090 422 2141 tc
444 2076 562 2143 frustra
584 2080 761 2144 orationem
778 2081 905 2144 molitur
919 2079 1049 2161 aliquis,
1080 2078 1170 2160 quod

149 2180 248 2245 uerba
276 2180 372 2244 rebus
394 2177 524 2261 imparia
554 2190 646 2255 sunt,
686 2190 718 2243 et
745 2180 885 2245 omnium
910 2179 1087 2242 facultatem
1115 2187 1171 2240 tua

151 2281 251 2345 vincit
272 2279 474 2361 improbitas,
505 2280 720 2364 quoniamque
749 2292 806 2346 tuo
827 2279 999 2364 supplicio,
1044 2298 1112 2363 quo
1138 2288 1172 2339 te

150 2381 225 2461 (nisi
252 2381 355 2443 omnis
381 2379 525 2457 funditus
552 2379 681 2464 aequitas
705 2381 836 2458 interiit)
866 2384 961 2466 paulo
992 2390 1065 2463 post
1092 2379 1172 2442 affici

151 2502 279 2545 cernam
309 2482 453 2559 ,contenti
485 2502 555 2545 esse
585 2481 783 2546 decrevimus
810 2483 897 2559 W),
938 2483 979 2545 dc
1011 2492 1041 2542 te
1068 2479 1173 2542 minus

151 2583 271 2658 diuam,
312 2581 414 2645 dicam
447 2594 565 2647 tamen¹
591 2582 720 2665 aliquid.
780 2583 832 2644 Tu
871 2579 999 2643 Suevici
1033 2579 1172 2642 nominis

151 2686 289 2758 macula,
310 2694 460 2745 acternrun
480 2681 582 2765 gentis
603 2693 662 2745 tuae
682 2683 841 2754 dedecus,
861 2679 1007 2755 audacia,
1033 2680 1173 2754 sceiere,

152 2781 283 2857 surore,
303 2782 485 2855 atrocitate,
511 2780 663 2861 pertidia,
689 2780 929 2865 ingratitudine,
948 2778 1082 2853 malitia,
1115 2780 1174 2842 im·

152 2882 318 2955 manitatc,
361 2881 598 2943 memorandum
617 2882 781 2947 :omnihus
817 2881 936 2944 sacculis
969 2891 1171 2962 portentum,

153 3001 249 3062 supra
267 2982 346 3041 finos
363 2979 489 3042 humani
508 2981 604 3045 moris
624 2991 843 3065 grassaturos.
883 2978 1020 3044 Certasti
1032 2979 1065 3043 in
1080 2999 1173 3042 omne

152 3077 285 3142 facinus.
331 3079 429 3143 Pensi
461 3080 536 3145 nihii
569 3080 720 3156 habuisti,
756 3090 869 3161 praeter
899 3102 999 3143 unum
1022 3081 1103 3153 hoc,
1140 3090 1176 3141 ut

153 3179 308 3242 scelerum
323 3181 514 3262 compendio
534 3200 660 3254 omncs,
684 3181 740 3262 qni
755 3200 895 3264 unquam
906 3182 1056 3256 fuemnt,
1075 3181 1175 3243 matos

153 3278 310 3343 vinceres.
348 3282 429 3344 Nam
447 3279 482 3342 in
500 3300 566 3341 utto
586 3280 771 3359 complexus
790 3301 825 3346 es
846 3281 961 3345 omnia.
1001 3281 1177 3362 Turpiter,

153 3381 320 3462 nequiter,
359 3391 391 3442 et
418 3377 589 3441 crudeliter
622 3372 786 3443 trucidasti
811 3379 916 3441 virum
947 3378 1082 3453 sortem,
1114 3400 1176 3441 nec

153 3481 338 3561 priusquam
359 3478 558 3541 frandulenta
577 3490 632 3540 tua
650 3480 783 3560 pertidia
800 3477 993 3562 prodidisses
1013 3478 1088 3551 tibi,
1109 3499 1176 3541 non

155 3589 349 3653 accusatum,
383 3579 467 3640 nulia
494 3579 643 3660 imputata
668 3582 775 3659 eulpa,
815 3601 857 3644 ne
884 3600 994 3643 errore
1022 3580 1169 3663 quidem,

156 3679 302 3741 omnibus
323 3700 446 3755 camm,
473 3680 531 3743 tibi
551 3680 701 3756 amicum,
728 3681 804 3744 nulii
822 3682 957 3745 infamias
978 3681 1173 3756 obnoxium,

154 3778 247 3841 ortilis
276 3779 361 3859 apud
386 3791 418 3842 te
448 3780 657 3844 delationibus
676 3802 780 3857 reum,
811 3783 1031 3858 innocentem,
1068 3781 1176 3843 incau-

156 3890 240 3953 tum,
279 3880 320 3941 dc
349 3893 380 3943 te
405 3880 482 3945 nihil
511 3885 571 3946 tale
591 3883 799 3963 suspicantem
824 3882 933 3964 quite
964 3880 1173 3967 custodierat,

157 3995 466 4066 cormervoveratque
489 3983 592 4058 caari),
611 3981 702 4060 crrjus
728 3994 760 4045 te
784 3994 873 4063 pater
900 4003 980 4065 ope,
1007 4004 1044 4045 ac
1063 3981 1176 4061 opibus

157 4081 300 4160 juverat,
320 4084 361 4145 de
380 4096 412 4147 te
432 4082 550 4165 optime
568 4083 733 4157 meritum,
753 4094 813 4145 tue
832 4082 994 4165 dignitatis
1014 4093 1176 4157 autorem,

192 4274 221 4323 ‘)
237 4276 292 4331 puts
319 4274 457 4329 acceperit,
496 4272 624 4329 acceperis.
673 4263 719 4325 ⁸³³)
747 4272 891 4326 interempti
920 4275 1095 4330 necessarios,
1126 4284 1177 4316 tros.

193 4345 255 4411 ω)
274 4354 396 4401 zwtrcben
414 4368 508 4400 cernam
523 4357 596 4401 -dc
615 4360 656 4403 te:
675 4358 788 4402 contenet
807 4371 859 4402 csse
878 4361 1032 4402 recreaturus
1046 4357 1178 4411 betgcsczt.

192 4429 271 4499 ΝΜ)
286 4439 344 4485 nach
358 4438 530 4496 suspicantem:
540 4445 582 4498 qut
593 4451 617 4487 te
630 4443 784 4487 custodierat
797 4448 1035 4497 conservammus
1046 4443 1178 4496 bcigpscat.
