2624 5108
505 834 632 917 Oratio
658 832 793 911 Tertia.
1011 848 1018 865 “
1087 841 1153 919 129

145 1031 282 1099 amnicum
305 1031 382 1094 odio
399 1030 502 1093 teneri
524 1048 575 1106 se,
611 1040 644 1093 et
667 1028 742 1093 odio
766 1050 834 1093 esse
861 1035 964 1107 volet„
1005 1033 1069 1097 Scit
1087 1055 1153 1101 non
1267 1037 1271 1051 “

142 1131 297 1205 obscure,
311 1147 447 1213 quonrm
459 1129 594 1211 judiciis,
610 1152 704 1212 quam
714 1131 877 1192 manifesto
890 1132 995 1195 habito
1007 1154 1154 1197 sermone

140 1233 306 1295 alumnatus
320 1231 370 1293 sit.
407 1232 505 1294 Volet
528 1231 645 1295 ulcisci.
690 1230 787 1290 Volet
806 1229 893 1293 istud
912 1252 968 1294 sua
993 1231 1085 1295 ruina
1108 1234 1154 1297 in-

141 1331 293 1393 cendium
314 1331 513 1413 extinguere.
568 1330 697 1395 Interim
728 1330 939 1393 ‹levastabitur
977 1332 1155 1396 Germania.

142 1433 213 1495 Nos
238 1433 425 1507 exercitum,
461 1450 538 1493 suos
557 1429 617 1493 iste
641 1432 776 1493 latrones
799 1443 949 1511 exponet.
996 1433 1154 1514 Sanguine

144 1542 274 1615 agetur3
293 1530 420 1612 igneae
435 1530 522 1597 ierro
534 1529 733 1612 confligetur.
771 1530 900 1595 Praestat
914 1533 1018 1595 omnia
1031 1533 1156 1599 misceri

146 1628 302 1706 cladibus,
342 1650 437 1713 quun
460 1648 525 1694 uno
542 1629 660 1704 verbo,
686 1652 750 1693 una
771 1631 956 1695 sententiola
970 1630 1065 1712 nujus
1079 1653 1156 1695 con·

141 1732 205 1795 cidi
237 1728 422 1799 cocenim?
468 1730 566 1812 Agite
593 1749 670 1795 vero
703 1751 772 1811 que
799 1741 872 1791 sunt
897 1733 1062 1811 tempora?
1101 1733 1157 1815 qui

141 1852 249 1895 renna
276 1828 399 1899 ΜΡ
442 1828 541 1895 Certe
565 1850 633 1893 non
663 1839 725 1892 um
750 1842 892 1908 spectare
919 1853 978 1894 vos
1012 1845 1156 1915 oportet,

145 1931 225 2014 quid
251 1948 376 2011 semper
397 1928 599 1995 statuendum
624 1929 682 2004 sit,
721 1950 814 2011 quam
839 1928 916 2013 quid
940 1952 1024 1995 nunc
1054 1944 1087 1995 et
1109 1933 1156 1997 his

141 2048 251 2095 rerum
276 2028 435 2093 motibus:
474 2029 595 2091 Bellum
620 2028 770 2095 incumbit
797 2050 891 2105 acre‚-
925 2032 1154 2112 periculosum,

140 2153 206 2196 uon
227 2130 447 2193 Mediolanum
466 2126 528 2209 jam
542 2128 747 2209 eripientibus
766 2129 879 2206 Gallis,
907 2132 964 2193 sed
980 2156 1061 2212 pene
1077 2134 1158 2196 intra

139 2236 220 2295 lmen
240 2229 416 2295 eermaniae
435 2248 520 2291 arma
537 2228 728 2310 gerentibus.
767 2230 854 2311 Quid
873 2230 931 2292 sibi
948 2253 1013 2292 non
1036 2235 1156 2295 condo·

143 2333 213 2393 nari
236 2333 342 2401 volent
375 2328 501 2402 Genti,
533 2328 559 2390 si
587 2326 680 2393 istum
705 2329 862 2411 integrum
886 2329 1047 2393 viderint?
1077 2333 1157 2395 Galli

145 2450 225 2493 vero
243 2428 319 2513 qnid
332 2428 447 2493 uostris
467 2427 588 2509 legibus
608 2427 806 2503 dissolutius,
825 2428 950 2508 judiciis
970 2429 1154 2505 irunlidine,

146 2533 207 2597 boe
239 2529 369 2610 imperio
397 2529 603 2608 contemptius
632 2527 802 2607 putabunt,
838 2528 865 2589 si
892 2538 1009 2591 tantum
1039 2529 1155 2612 cuique

143 2631 239 2693 licere
257 2641 409 2713 quantum
426 2628 569 2703 libuerit,
602 2626 629 2691 si
646 2627 794 2705 impunita
816 2627 995 2702 latrocinia,
1025 2650 1156 2694 securos

141 2734 299 2805 latrones,
319 2730 532 2797 conoubatam
548 2728 653 2809 legum
669 2746 705 2787 ac
722 2724 801 2803 juris
819 2728 989 2803 rationem,
1018 2741 1157 2793 nostram

143 2830 316 2895 libertatem
345 2828 379 2891 in
408 2826 574 2909 precipiti,
608 2837 751 2889 nostrum
777 2826 962 2909 sanguinem
985 2829 1091 2892 lurori
1120 2852 1157 2893 ac

143 2929 327 3005 immunitati
366 2926 562 2991 audacissimi
594 2923 749 3007 eujtnque
785 2926 959 2990 obnoxium
994 2929 1157 2993 viderint?

143 3032 255 3093 Tuum
276 3049 356 3095 vero
378 3046 496 3091 nomen
513 3025 725 3089 blaximiliane
744 3022 866 3099 Cesar,
895 3038 930 3088 ut
950 3030 1157 3092 tractabitur?

144 3130 211 3212 Qui
240 3130 281 3195 de
311 3141 342 3193 te
362 3146 523 3192 scrruones
552 3124 664 3189 eruut?
712 3125 808 3204 Quod
835 3125 950 3205 passim
977 3129 1157 3207 judicium?

143 3232 270 3295 Ansina
294 3229 404 3293 dicere
433 3227 593 3299 lutmum,
630 3222 673 3297 ἡ
690 3225 860 3306 loquamur
890 3227 1014 3288 externi
1046 3248 1157 3308 reges,

144 3333 371 3412 imperatorem
380 3326 532 3407 imperio,
551 3322 715 3405 imperium
726 3323 915 3403 imperatore
926 3344 1032 3407 egere.
1061 3324 1159 3407 Quod

142 3432 223 3497 nolit
239 3432 329 3495 neus
351 3430 428 3510 0pt.
446 3428 536 3491 Max.
558 3437 594 3489 ut
617 3436 651 3487 tu
675 3426 754 3487 hanc
775 3425 882 3489 subire
906 3426 1038 3501 lamam,
1064 3446 1159 3510 quam

143 3534 331 3597 sceleratum
364 3527 477 3610 punire
500 3525 658 3589 hominem
687 3518 784 3587 malis.
838 3530 880 3589 Et
908 3525 1047 3609 jamdum
1074 3526 1160 3589 enim

142 3633 305 3712 integrum
331 3630 393 3691 hoc
421 3626 477 3689 tibi
509 3636 567 3688 esta
621 3623 824 3706 Aliquamdiu
850 3627 882 3701 ⁸)
919 3627 1008 3711 quod
1039 3626 1159 3692 duxisti

145 3741 288 3809 tempus,
316 3749 383 3791 non
407 3724 564 3806 improbo.
603 3724 686 3806 Quia
710 3723 794 3785 enim
812 3726 984 3788 communis
1011 3728 1077 3789 hec
1102 3724 1158 3786 tibi

143 3830 312 3893 nobiscum
330 3848 424 3890 curse
441 3837 508 3902 ert,
544 3822 593 3887 vis
616 3820 833 3901 aruspicionc
851 3822 969 3885 aliemrs
993 3846 1079 3901 esse,
1115 3844 1159 3885 ne

144 3929 298 4013 privatam
320 3928 428 4011 potius
459 3925 678 3989 contmneliam
710 3920 838 3996 ulcisci,
871 3943 973 4003 apuam
999 3925 1159 4004 publicum

143 4028 262 4113 punire
278 4030 397 4092 crimen
414 4026 560 4090 ridearis.
598 4026 707 4107 ltaque
723 4023 875 4104 integram
896 4042 1021 4083 causam
1041 4022 1079 4081 ad
1096 4022 1158 4081 hoe

142 4128 331 4205 concilium,
361 4130 444 4190 bunc
464 4124 640 4207 principum
656 4124 832 4206 populique
850 4120 999 4185 Germani
1021 4139 1160 4181 conven-

143 4242 212 4293 tum
226 4226 374 4309 rejecisti.
412 4228 634 4310 Quoniamque
646 4224 776 4307 publice
790 4244 888 4287 causae
908 4221 1048 4303 privatus
1067 4218 1159 4281 dolor

177 4456 212 4529 ⁸)
228 4462 403 4526 summan,
421 4466 548 4519 maurus.

177 4582 245 4629 unu
262 4582 308 4651 oy.
325 4584 353 4631 r.
369 4586 400 4635 n
