2822 4724
265 453 309 522 82
500 439 545 516 In
570 437 755 520 Ulrichum
779 445 1030 562 Wirtenberg.

241 634 511 723 dissimillimam,
535 637 668 715 laniatu,
694 637 893 721 direptione,
924 645 1096 728 sangiune,
1129 667 1165 710 ac
1184 668 1276 714 caeno

256 738 478 802 deformatum.
516 739 638 816 Ponat,
657 737 803 824 inquam,
824 745 1009 822 cohabita,
1030 771 1096 832 quo
1115 764 1276 836 repertum

144 879 152 896 .
255 853 320 918 est,
342 853 374 904 et
388 865 407 904 a
424 840 583 922 judiedrus
599 845 651 906 vel
668 842 832 908 levissimis
842 883 858 920 ,·
871 850 1181 938 corruptissimisque
1196 855 1276 920 ausit

251 942 468 1024 impunitatem
488 947 602 1008 orare!
638 946 709 1026 Qua
722 945 756 1008 in
775 963 811 1008 re
829 968 922 1030 quam
938 960 969 1014 te
985 951 1116 1017 efferres
1140 971 1196 1036 spe
1212 967 1275 1028 tua,

251 1064 347 1126 quarn
374 1047 553 1120 exultares,
597 1065 694 1128 quam
719 1047 926 1129 triumphares
955 1053 1118 1130 carnifex,
1157 1057 1188 1119 si
1211 1060 1277 1122 haee

248 1145 396 1216 abessent
411 1145 525 1208 sceleri
539 1155 614 1220 tuo,
635 1145 725 1228 quod
739 1147 785 1210 sic
799 1149 985 1230 prodidisti,
1006 1155 1095 1239 quod
1112 1167 1174 1220 tam
1189 1161 1275 1222 nulla

247 1244 288 1308 de
311 1264 406 1308 eausa
425 1245 471 1308 sic
494 1249 654 1322 consulte,
684 1265 721 1308 ac
737 1247 844 1315 dedita
870 1271 968 1333 opera
989 1255 1191 1333 interemisti,
1219 1271 1274 1322 aut

244 1345 272 1413 si
298 1349 350 1410 vel
381 1346 543 1412 levissimo
572 1347 681 1430 aliquo
709 1347 812 1410 verbo
843 1363 1019 1416 commotus
1046 1366 1118 1418 ante
1142 1357 1270 1435 luisses,

244 1451 296 1515 vel
328 1449 356 1514 si
388 1450 423 1514 in
451 1451 536 1514 nuda
569 1452 678 1514 saltem
708 1447 931 1514 interiectione
961 1463 1049 1516 trium
1080 1456 1272 1522 constitisset

241 1549 377 1618 lacinus.
414 1553 459 1616 At
475 1547 643 1626 invenisti,
664 1569 758 1634 qrram
780 1550 875 1614 morti
894 1553 1025 1618 adderes
1042 1558 1271 1636 crudelitatem,

240 1664 272 1717 et
293 1651 427 1716 amicum
446 1647 656 1725 interfecisti,
684 1649 802 1730 optime
821 1652 862 1713 dc
881 1663 913 1716 te
931 1654 1093 1731 meritum,
1114 1655 1155 1720 de
1176 1656 1268 1738 eujus

238 1753 302 1818 lide
314 1798 323 1828 ,
354 1772 391 1816 ac
419 1749 578 1832 probitate
612 1771 653 1812 nc
682 1750 831 1814 dubitasti
861 1752 989 1835 quidem
1014 1776 1174 1840 unquam,
1206 1779 1268 1822 nec

238 1873 312 1920 eum
339 1853 527 1936 priusquam
555 1851 601 1915 sic
624 1850 863 1929 fraudulenter,
899 1874 937 1918 ac
960 1856 1133 1936 perfidiose
1156 1859 1267 1940 prodi.

235 1955 355 2031 disses,
391 1952 512 2016 adoriri
539 1971 633 2016 atreus
662 1949 772 2026 fuisti,
806 1965 839 2014 et
860 1953 1112 2039 interemptionis
1141 1981 1267 2024 causam

234 2079 278 2124 ne
293 2059 397 2120 liclam
416 2056 548 2140 quldern
567 2051 706 2116 attulisti.
743 2053 857 2136 Neque
878 2055 999 2140 aliquid
1013 2058 1147 2123 istorum
1161 2061 1264 2124 iecisti

234 2158 363 2235 ebrius,
383 2167 437 2220 aut
454 2155 509 2221 abs
525 2166 558 2216 te
577 2154 755 2218 immutatus
773 2153 980 2237 aliquantum,
1004 2160 1061 2221 sed
1078 2169 1111 2220 et
1123 2160 1262 2235 sobrius,

233 2269 270 2324 ut
288 2260 345 2323 tibi
363 2282 405 2324 ne
424 2259 501 2321 vitia
527 2256 658 2340 quidem
675 2253 865 2335 patrocinari
883 2267 1018 2338 queant,
1047 2268 1080 2319 et
1100 2259 1261 2338 studiose,

233 2382 270 2426 ac
287 2383 329 2424 ex
351 2359 521 2432 industria,
544 2366 579 2418 ut
605 2377 623 2416 a
650 2355 736 2416 lacto
760 2373 851 2418 error
873 2354 963 2418 absit.
1013 2358 1092 2440 Qua
1114 2359 1146 2432 ¹⁶)
1165 2361 1209 2423 ita
1227 2360 1260 2423 in

231 2481 332 2524 unum
359 2460 495 2521 conflata
521 2454 671 2530 erimina,
707 2455 748 2516 da
768 2455 855 2518 nullo
876 2475 1017 2540 unquam
1048 2458 1192 2542 principe
1218 2481 1261 2522 nc
1323 2465 1326 2470 '

231 2561 344 2625 ineam
371 2558 502 2642 quidem
531 2566 692 2636 comperta
723 2567 806 2618 sunt.
860 2555 1005 2619 Fuerunt
1035 2559 1120 2622 enim
1151 2560 1258 2636 mulli,

232 2661 289 2745 qui
314 2660 475 2722 crudelem
502 2656 535 2719 in
567 2655 698 2718 modum
723 2651 891 2718 enecarent
914 2677 1009 2733 reos,
1042 2658 1139 2742 aliqui
1165 2659 1259 2724 etiam

230 2761 433 2836 innocentes,
460 2751 524 2823 sed
535 2769 590 2821 aut
612 2776 695 2838 quos
713 2754 774 2818 sibi
790 2755 953 2820 insidiatos
970 2757 1181 2838 putavissent,
1202 2771 1257 2824 aut

229 2862 447 2927 deserentibus
477 2857 612 2924 inimicis
641 2855 760 2938 aliquo
778 2853 933 2939 imputato
964 2858 1108 2930 crimine,
1147 2880 1257 2942 neque

228 2962 290 3026 boe
308 2962 374 3025 auis
393 2961 435 3022 ita
456 2956 620 3032 manibus,
641 2956 698 3019 scd
718 2955 901 3020 carnificum
922 2969 953 3018 et
970 2957 1117 3021 lictorum
1138 2979 1253 3040 opera,

127 3057 129 3064 ’
227 3081 336 3142 neque
353 3058 499 3139 jamtum
517 3056 616 3120 amice
633 3057 822 3137 appellatos,
842 3068 895 3120 aut
904 3077 963 3138 per
975 3079 1009 3122 se
1024 3057 1084 3120 sibi
1094 3058 1252 3138 proditos,

227 3159 352 3222 sedvel
367 3158 471 3240 aliqua
485 3156 705 3220 intercedente
720 3151 890 3234 simultate,
910 3161 962 3221 vel
973 3169 1108 3240 urgente
1122 3156 1253 3234 delicta,

227 3268 282 3320 aut
305 3258 485 3339 impellente
518 3257 655 3333 offensa,
692 3261 799 3340 quates
825 3257 859 3318 in
885 3258 991 3321 Sicilia
1021 3258 1180 3338 Tyranni,
1218 3259 1253 3322 in
1306 3253 1312 3264 “

224 3357 315 3422 ltalia
345 3359 505 3439 principes
535 3361 689 3436 Romani,
722 3358 794 3421 alibi
821 3358 915 3421 etiam
942 3378 1047 3438 reges.
1098 3357 1251 3437 (luibae

225 3459 393 3540 exemplo,
422 3458 470 3521 his
488 3461 649 3535 moribus,
681 3460 739 3522 bac
764 3459 834 3534 via,
863 3457 925 3520 hoc
949 3459 1047 3521 modo
1072 3457 1104 3519 in
1129 3455 1248 3518 amieos

226 3561 305 3635 lide,
346 3581 383 3622 ac
409 3559 591 3626 sinceritate
621 3579 746 3621 morum
773 3557 977 3639 inculpabiles
1003 3565 1161 3640 grassante
1188 3556 1248 3632 sit,

224 3661 309 3724 nulla
330 3659 530 3742 suspicione,
567 3670 622 3722 aut
658 3660 775 3740 culpae,
816 3670 868 3722 aut
893 3658 1013 3724 erroris
1043 3657 1247 3734 adhortante,

225 3781 267 3824 nc
293 3760 408 3824 labrdae
441 3759 571 3840 quidam
598 3759 739 3840 produnt
767 3759 917 3842 aliquem,
969 3772 1005 3823 ut
1036 3760 1076 3822 de
1107 3756 1248 3822 historiis
1338 3835 1341 3842 Ι

224 3855 370 3922 taccam.¹
400 3857 568 3946 Videtiso
591 3859 754 3924 lenissimi
781 3859 948 3938 Germani,
981 3880 1048 3943 quo
1081 3859 1117 3924 in
1142 3856 1244 3942 gradu

258 4087 288 4139 *l
306 4089 386 4150 ραι,
405 4096 461 4146 quac
