2624 5108
157 894 223 964 152
392 886 436 959 In
468 883 654 959 Ubicbum
678 880 929 977 Wirtenberg.

151 1078 288 1161 reipsa,
318 1098 413 1161 quam
438 1075 523 1140 inani
543 1074 672 1139 nomine
696 1086 786 1137 urum
803 1072 923 1136 factuam
940 1069 1116 1153 «defendere
1132 1072 1174 1146 ξιξ).

152 1182 248 1262 Quod
260 1176 366 1261 siquid
381 1175 444 1259 jain
459 1178 535 1239 dum
548 1176 660 1251 babes,
680 1175 757 1249 cde,
776 1184 830 1235 erit
841 1172 913 1237 ittos
927 1174 1036 1236 saitem
1047 1170 1171 1259 profer,

151 1281 235 1361 apud
255 1300 338 1362 qiros
364 1278 523 1341 detexisse
550 1288 582 1337 te
600 1277 702 1339 scelus
732 1274 777 1336 ais
795 1273 861 1347 ⁸),
900 1269 1018 1355 quibus
1045 1270 1172 1335 arbitris

150 1379 313 1463 perfidiam
325 1378 369 1441 illi
381 1376 572 1457 objiciebam
593 1396 630 1439 ac
641 1375 719 1437 illud
734 1392 863 1453 expone
874 1371 986 1447 nobis,
1007 1372 1173 1454 qtronmdo

150 1477 344 1543 conscientia
362 1474 500 1539 criminis
519 1498 591 1539 eum
609 1496 644 1539 se
667 1474 848 1557 adfligeret,
875 1494 913 1533 ac
933 1472 1065 1555 patriam
1083 1464 1184 1547 deseff

149 1590 235 1641 reret
250 1577 336 1651 sen),
355 1587 489 1639 mortem
505 1577 593 1639 atlire
606 1577 717 1651 vellet,
740 1585 899 1637 contraite
912 1584 1023 1659 tameo·
1031 1576 1175 1653 petulans

149 1696 219 1740 esse
236 1674 356 1757 potuit,
376 1688 412 1738 ut
425 1677 510 1753 asne)
527 1677 739 1741 malediceret.
777 1674 858 1753 Qun
872 1673 906 1735 in
922 1668 1042 1743 suinrm
1058 1674 1173 1753 ‹lespe-

149 1777 272 1839 ratione
290 1776 466 1857 petulantiae
480 1776 596 1840 locus?
615 1778 657 1838 Et
673 1776 755 1841 scire
770 1774 994 1849 tabor0,‚.nmn
1011 1770 1096 1853 apdd
1112 1790 1170 1837 eos

150 1878 233 1940 inte
253 1879 404 1959 loquutus
425 1876 480 1952 sit,
509 1877 595 1956 apud
620 1899 702 1960 quos
729 1888 764 1939 tu
792 1896 866 1939 eum
890 1862 1084 1937 accusabas?
1110 1873 1169 1937 tiu

149 1977 227 2039 alios
256 1976 392 2039 habebas
418 1986 471 2049 tu,
507 1977 623 2059 quibus
654 1988 744 2040 tuum
768 1978 929 2050 dolorem,
964 1972 1173 2057 (utinensis)

147 2075 349 2140 manifestum
379 2076 502 2151 faceres
509 2122 518 2153 ,
566 2075 644 2140 elios
675 2078 727 2139 ilie
754 2078 839 2157 apnd
873 2096 956 2159 quos
989 2072 1174 2149 lasciuire-t?

148 2180 274 2243 Rursus
301 2188 405 2240 etitem
425 2176 504 2259 quid
524 2188 555 2237 te
581 2177 706 2259 coegit,
739 2178 773 2241 in
799 2188 854 2239 tua
877 2178 948 2240 aula
970 2174 1058 2237 ferre
1078 2196 1171 2249 enin„

147 2277 239 2359 cujus
255 2277 390 2357 primum
412 2276 576 2359 perfidiam
596 2276 877 2358 deprehendisses,
909 2276 1028 2340 deinde
1046 2270 1173 2339 insidias

148 2400 282 2464 quoque
299 2376 450 2441 videres?
489 2379 543 2441 An
563 2379 615 2438 rel
633 2378 665 2438 in
688 2379 750 2439 boc
766 2389 946 2454 conventu,
978 2366 1036 2438 vel'
1052 2375 1173 2463 ubique

147 2492 215 2555 est,
247 2479 303 2562 qni
321 2478 379 2541 tibi
405 2479 530 2552 credat,
562 2477 699 2540 sitalem
719 2477 807 2539 illum
834 2478 1060 2559 cognovisses,
1093 2475 1172 2560 quiri

147 2600 309 2645 neunum
327 2579 456 2662 quidem
477 2577 600 2641 tulisses
617 2578 727 2640 diem?
759 2580 831 2659 Age
855 2579 1049 2652 autemillis,
1078 2596 1172 2658 quiam

147 2691 182 2741 tu
196 2682 286 2763 quod
304 2681 440 2742 honesto
460 2691 536 2741 nata·
545 2679 584 2740 sit
601 2681 691 2752 loco,
711 2698 777 2739 non
793 2679 881 2759 quod
896 2680 1035 2751 honeste¹
1042 2676 1170 2751 vixerit,

146 2778 197 2842 bie
217 2780 433 2854 commendas,
454 2780 618 2859 qumnodo
639 2778 694 2841 abs
709 2790 740 2838 te
753 2776 961 2841 defenditur?
990 2778 1044 2843 An
1061 2798 1173 2861 quem·

148 2899 244 2960 quam
263 2878 378 2952 habes,
399 2897 466 2938 non
484 2875 637 2958 judicem,
665 2879 722 2940 sed
743 2878 893 2953 amicum,
920 2890 953 2942 et
971 2878 1171 2951 familiarem,

148 2977 201 3039 cui
218 2977 255 3050 †)
281 2975 485 3054 persuasibile
510 2976 566 3052 sit,
596 2998 662 3039 non
687 2988 835 3040 tentatam
855 2978 910 3039 ebs
939 2990 989 3053 te,
1025 2991 1172 3041 autnon

146 3086 328 3154 corruptam
347 3073 457 3151 etiam,
500 3098 569 3159 quae
595 3074 765 3157 junisone
788 3090 881 3158 post,
916 3099 1012 3163 quam
1042 3090 1077 3141 tu
1101 3076 1172 3159 ejus

144 3173 292 3237 maritmn
319 3174 522 3252 interfecisti,
565 3188 625 3238 tuae
652 3178 739 3239 domi
766 3176 864 3254 vivit,
909 3198 971 3241 nec
996 3180 1101 3261 luget,
1140 3188 1173 3239 et
1221 3180 1225 3187 '

145 3274 325 3357 turpissima
352 3278 486 3349 moecha,
517 3277 700 3339 detestabile
727 3290 866 3341 scortum
891 3278 986 3341 nobis
1008 3279 1062 3341 hie
1082 3280 1170 3340 luctu

144 3376 348 3448 deformatis,
384 3376 418 3437 in
450 3386 506 3436 tuo
534 3375 600 3455 ipsa
626 3380 795 3458 complexu
816 3362 1030 3439 meretricium
1060 3377 1172 3439 induta

144 3477 261 3536 cottum
275 3460 293 3547 ,¹
313 3473 373 3535 sibi
393 3474 510 3552 placet,
541 3486 626 3541 tuam
646 3478 805 3543 vesaniam
822 3478 916 3540 novis
939 3474 1077 3539 subinde
1102 3474 1171 3537 illc·

144 3574 247 3636 cebris
266 3572 398 3647 excitat,
429 3594 464 3634 ac
487 3574 600 3639 fovet?
634 3578 701 3640 Aut
726 3599 794 3640 non
817 3598 927 3641 omnes
953 3574 1073 3649 sciunt,
1105 3598 1169 3658 qua

143 3673 225 3736 illius
243 3672 339 3735 utaris
359 3694 476 3755 opera,
509 3697 579 3759 (mse
599 3686 705 3757 potest
728 3674 844 3740 amisso
865 3674 1006 3760 conjuge
1029 3674 1099 3751 tati,
1136 3688 1170 3737 nt

143 3774 177 3837 in
195 3772 265 3853 ejus
292 3793 398 3856 neque
427 3774 580 3852 fortuma,
618 3798 722 3858 neque
747 3787 884 3852 aetatem,
913 3798 1021 3861 neque
1044 3796 1166 3849 mores,

142 3886 197 3937 aut
213 3894 314 3955 genus
330 3877 427 3937 ulium
443 3877 556 3939 cadere
571 3877 681 3939 odium
696 3874 847 3937 credibile
863 3860 978 3953 suerit,
1007 3887 1040 3939 ct
1054 3873 1167 3949 letari,

141 3987 173 4037 et
192 3974 274 4049 coli,
294 3984 326 4037 et
341 3975 477 4037 vivere?
519 3978 618 4059 idque
635 3986 760 4049 tecum,
787 3996 845 4054 per
865 3996 962 4059 quem
984 3977 1080 4039 vidua
1099 3988 1166 4053 cst,

141 4074 221 4138 etin
239 4086 294 4135 tuo
314 4075 397 4138 sinu.
435 4076 478 4137 Ut
497 4076 559 4148 ††)
580 4096 675 4157 quem
692 4087 848 4157 perpetuo
872 4076 978 4139 odisse
992 4076 1165 4151 debuerat,

141 4194 213 4235 curn
225 4197 266 4237 eo
280 4174 543 4238 consuetudinem
561 4174 691 4252 babeat,
712 4176 753 4239 ad
764 4174 857 4258 eujus
870 4197 990 4239 nonteu
1003 4175 1166 4239 attonitam

175 4352 205 4421 *)
227 4365 373 4419 defendere,
404 4364 553 4410 defenderes.
590 4355 815 4418 “iussaene
854 4355 919 4426 Μ)
937 4368 1077 4424 desereret,
1097 4368 1166 4415 desc-

173 4456 232 4491 rore.
291 4438 362 4496 W)
390 4458 435 4493 vor
462 4448 630 4497 malediceret:
657 4452 704 4496 titt
721 4451 939 4507 dumbrestrirbeu.
988 4442 1021 4508 τ’)
1039 4451 1165 4498 uniretur

174 4530 210 4573 ent
227 4552 262 4565 -
278 4531 432 4587 pennottus
449 4534 674 4581 unversttudttcber
692 4534 778 4581 Zmaz.
815 4526 848 4591 †)
869 4538 915 4591 Ue,
933 4536 967 4581 dt.
