2624 5108
173 850 242 923 616
548 841 806 918 Exhortntorin

170 1038 319 1118 Iniquum
344 1041 393 1096 cst
420 1032 505 1095 euim
528 1032 605 1097 illud
624 1035 738 1096 horum
755 1035 937 1114 consilium,
968 1037 1121 1103 nefarium
1150 1055 1185 1105 et

169 1139 354 1207 scelestum,
374 1152 411 1193 rc
423 1152 541 1194 summe
559 1133 781 1212 perniciosum.
801 1132 911 1216 'Quos
930 1137 956 1201 si
976 1141 1038 1201 ullu
1056 1139 1181 1205 virtutis

169 1232 347 1300 recordatio
367 1241 491 1315 ageret,
510 1231 544 1293 id
562 1242 624 1306 est,
643 1232 671 1294 si
691 1253 768 1295 vere
788 1235 938 1299 Gennsni
952 1229 1078 1316 essent,
1097 1243 1182 1305 mori

167 1343 238 1396 ante
262 1330 384 1423 decuit,
416 1350 510 1411 quum
536 1343 576 1390 eo
600 1343 810 1412 cogerentur,
843 1355 909 1417 qrro
934 1358 969 1399 se
994 1341 1076 1401 ultro
1095 1358 1182 1403 nunc

167 1433 339 1495 intrudunt.
376 1429 440 1491 Sed
458 1428 584 1491 missum
609 1429 758 1492 faciamus
775 1434 850 1508 hos,
878 1455 949 1497 curn
974 1434 1038 1499 suis
1057 1441 1179 1521 cogitn-

164 1531 321 1605 fionihnr,
353 1529 477 1603 ineptos
503 1529 709 1592 consultores.
755 1532 843 1606 Vos,
876 1534 1057 1616 Principes,
1089 1541 1177 1621 qnod

160 1631 303 1715 pluribus
322 1629 457 1691 sonasse
482 1648 577 1710 quam
596 1629 737 1709 oportuit
763 1631 836 1711 egi,
868 1634 942 1714 quia
962 1646 1177 1716 opportunum

161 1742 225 1807 est,
262 1728 337 1812 quia
362 1744 490 1790 necesse
511 1740 578 1803 est,
613 1739 645 1788 et
665 1729 744 1810 quis
758 1730 879 1794 differri
896 1753 962 1794 non
982 1746 1108 1814 potest,
1140 1748 1178 1798 ut

133 1842 270 1914 *contm
297 1830 420 1890 'l'urcns
447 1847 531 1890 arma
558 1826 719 1891 sumantur
744 1829 806 1891 lroc
830 1840 988 1910 tempore,
1023 1844 1118 1916 utque
1143 1834 1177 1896 id

159 1933 220 1993 alio
239 1948 305 1990 non
319 1929 374 1989 flet
393 1925 544 2001 consilio,
564 1947 658 2009 quam
677 1926 703 1989 si
722 1949 781 1989 vos
800 1948 997 1993 communem
1016 1935 1176 2012 amplexe-

151 2028 235 2095 'mini
255 2025 530 2100 conconlism,'uc
549 2026 685 2088 invicem
703 2028 838 2091 redeatis
857 2027 1058 2110 ingratum,
1090 2033 1176 2113 agite

157 2126 342 2191 nobilissimi
360 2136 529 2205 proceres,
559 2125 816 2202 fortissimum,
842 2131 947 2208 proles
968 2125 1175 2194 Fridericlrn„

158 2252 249 2301 rum,
288 2244 389 2306 genus
410 2232 585 2302 Othonum,
622 2225 749 2306 sanguis
779 2236 1025 2303 Henriclrorum,
1063 2241 1176 2308 poste·

154 2326 229 2391 ritas
265 2335 463 2390 carolorum.
517 2324 613 2404 Agite
642 2326 793 2407 inquam(
826 2326 926 2389 redite
956 2328 1171 2409 ingratiam!

153 2423 258 2486 Facile
276 2425 338 2486 hoc
357 2423 449 2487 vobis
476 2434 542 2498 est,
573 2423 630 2486 sed
657 2443 836 2505 (piusquam
863 2425 972 2500 facile,
1005 2425 1047 2487 ita
1065 2438 1173 2490 tumen

154 2526 287 2589 salutare
301 2522 451 2604 imperio,
470 2524 576 2602 putrioe
596 2541 632 2584 nc
647 2521 831 2585 Christianis
847 2524 1008 2599 omnibns,
1028 2538 1062 2587 ut
1080 2525 1171 2588 istam

152 2624 179 2688 si
206 2624 299 2687 vobis
327 2624 429 2705 (quod
455 2627 564 2701 spero)
591 2622 790 2684 concordium
818 2625 904 2686 Deus
925 2624 1071 2686 indiderit
1096 2624 1169 2705 jure

152 2725 271 2806 optimo
292 2740 489 2785 communem
508 2725 638 2785 sulutem
663 2724 817 2802 appellare
837 2723 937 2785 liceat.
981 2726 1023 2785 Et
1042 2737 1169 2788 cunctu-

150 2825 243 2900 mini,
264 2845 302 2884 ac
318 2821 482 2896 tuntum·*·)
501 2823 620 2883 bonnm
639 2821 671 2882 in
691 2821 825 2883 medium
842 2823 935 2896 dare,
955 2826 1005 2884 vel
1024 2845 1167 2887 momen·

149 2936 216 2988 tum
234 2921 394 2985 differlisl'
413 2921 498 3001 Quin
518 2941 577 2981 vos
595 2939 719 2982 omnem
735 2921 783 2982 hle
803 2942 922 2982 nrosarn
942 2921 1045 2984 odisse
1067 2921 1166 3002 juvet,

150 3037 183 3087 et
200 3019 368 3086 confestim
384 3020 528 3082 omnibns
543 3022 694 3093 salutem,
717 3019 917 3081 vobis'etinm
934 3023 1057 3083 laudem
1072 3033 1102 3084 et
1118 3023 1176 3099 Μ),

147 3123 279 3207 gloriam
299 3119 436 3203 parere?
455 3120 577 3198 Urgent
592 3139 650 3180 vos
663 3119 825 3181 hominurn
844 3120 1016 3197 desideria,
1037 3121 1167 3202 impellit

145 3218 273 3306 publica
292 3222 472 3283 necessitas.
512 3222 562 3282 An
586 3218 698 3317 aliquis
716 3231 855 3282 vestrum
874 3232 939 3295 cst,
970 3220 1061 3301 cujus
1082 3224 1168 3285 auri·

146 3324 206 3386 bus
235 3344 301 3384 non
332 3321 529 3382 insonuerint
557 3319 642 3379 istut
668 3319 827 3399 Respicite
855 3341 936 3395 nos,
975 3321 1165 3400 Principes!

145 3421 317 3484 Defendite
334 3419 477 3479 fortunus
498 3419 640 3476 nostras!
662 3415 857 3481 Conservnte
877 3419 1073 3502 dignitatcml
1093 3423 1163 3486 De·

145 3519 251 3601 pellite
275 3515 453 3578 interituml
491 3516 581 3594 Ergo
607 3514 690 3595 agite
717 3535 758 3577 ex
787 3516 840 3579 illo
869 3519 1006 3582 obscuro
1032 3519 1164 3583 ‹lesidiae

144 3629 176 3680 ct
189 3615 257 3690 ³³³³)
271 3612 477 3676 cunctationis
493 3632 639 3688 carcere,
653 3615 687 3675 in
702 3617 945 3694 patentissimum
958 3640 1039 3680 verse
1052 3620 1166 3699 gloriae

144 3732 288 3796 (timpum
308 3714 480 3796 erumpite!
499 3712 608 3791 Prope
627 3714 724 3776 hostis
744 3728 808 3791 cst,
827 3739 893 3781 non
911 3719 1162 3781 contemnendus

142 3819 211 3893 ille,
241 3836 282 3878 ne
307 3814 515 3896 negligendus
535 3812 679 3894 quidem,
712 3825 849 3877 autnon
868 3817 987 3896 maguis
1007 3818 1160 3896 apparati·

143 3920 202 3982 trus
217 3914 434 3995 excipiendus.
473 3911 538 3993 Qui
553 3932 625 3972 curn
640 3911 721 3974 intra
735 3914 840 3975 Asiam
855 3936 948 3995 qrram
966 3915 1161 3994 possidebat,

85 4040 89 4049 ·
143 4016 307 4081 continere
326 4037 360 4078 se
380 4035 444 4076 non
460 4023 583 4092 posset,
603 4011 719 4073 borram
736 4014 870 4091 Europus
887 4024 1005 4091 partem
1022 4014 1161 4092 irnperio

141 4134 203 4179 sno
221 4115 376 4196 ncljunxit.
419 4112 498 4174 lnde
518 4130 643 4171 rursum
671 4110 784 4191 quietis
810 4110 999 4190 impatientia
1018 4113 1162 4176 Africam

141 4217 273 4290 invasit,
301 4236 337 4275 ac
356 4211 453 4275 veluti
471 4209 610 4272 immunis
632 4209 750 4283 bestiu,·
774 4210 942 4272 humanum
962 4211 1068 4273 sitiens
1088 4233 1162 4275 san·

138 4334 334 4357 *—

156 4422 205 4483 ''⁸)
221 4435 338 4475 tantum:
356 4428 442 4472 totum.
475 4413 521 4481 ⁴⁴)
537 4429 579 4469 et:
598 4418 632 4468 ac‘.
669 4410 731 4477 m)
751 4429 792 4468 ct:
810 4433 848 4467 ac:

108 4578 194 4704 Χ.
