2624 5108
150 846 216 917 tta
389 844 430 916 In
455 846 641 919 Uiriclmm
666 846 715 916 W
717 842 917 945 irtenbcrg.

145 1036 201 1097 tibi
222 1037 340 1099 amicus
358 1038 454 1111 suit,
468 1050 504 1101 ut
523 1058 583 1100 suo
609 1036 742 1101 consitio
762 1036 950 1113 abduceret,
976 1056 1042 1121 quo
1060 1038 1167 1103 miuus

145 1136 308 1199 veritatem
326 1139 355 1213 *)
375 1150 514 1201 nostram
529 1148 586 1200 tuo
605 1138 757 1227 figmento
773 1135 1068 1218 provenirestmut
1086 1138 1176 1231 qnid

144 1236 177 1297 iu
197 1258 273 1311 nos,
314 1260 350 1299 ac
377 1250 504 1301 nostros
540 1248 683 1305 moratos
712 1236 912 1301 criminosius
948 1248 1026 1299 ttrnc
1059 1237 1167 1313 dicere

143 1337 319 1415 potuisses,
359 1358 454 1420 quam
487 1338 584 1400 modo
620 1336 751 1437 dixisti?
812 1322 865 1402 dn
889 1322 1031 1429 aliquid
1061 1338 1168 1403 retatiit

143 1437 278 1518 primum
297 1439 420 1512 statim,
445 1440 501 1519 ,vel
520 1440 618 1500 nmlto
637 1449 709 1519 post
724 1438 929 1509 mentirerisi
957 1436 1169 1527 Stppidissimi

143 1536 262 1617 ingenii
285 1538 381 1598 homo
407 1556 473 1599 non
496 1538 586 1601 vides
596 1585 611 1625 ,Ι
645 1560 740 1623 quam
757 1538 822 1633 pta
843 1528 999 1617 tibicinii
1022 1538 1168 1621 prosint,

142 1636 207 1696 imo
225 1646 377 1718 quesitum
399 1636 449 1714 '‘*J
471 1638 604 1701 obsint?
624 1638 695 1701 ¹Sic
716 1636 801 1701 enim
822 1638 893 1713 ***)
913 1637 955 1699 ita
972 1636 1170 1703 eiacerbasti

106 1735 111 1746 '
141 1735 303 1798 hominum
325 1750 445 1799 mentes
464 1742 521 1801 hac
541 1740 691 1802 maledica
710 1750 764 1800 tua
784 1738 984 1815 invectione,
1016 1750 1168 1821 utquam

142 1835 277 1918 primum
296 1837 378 1901 illam
397 1837 430 1900 in
448 1859 508 1901 nos
536 1838 710 1920 eiaculatus
730 1860 782 1916 es,
815 1859 925 1903 omnes
944 1836 1035 1903 simui
1053 1830 1167 1901 deien-

141 1936 225 1999 sioni
249 1949 308 1999 ruae
338 1960 431 2002 aures
460 1938 679 2021 praecurreris?
715 1942 758 2002 Et
777 1940 1006 2003 accusatione·
1025 1948 1167 2017 nostram

140 2035 288 2117 iujuriam
308 2038 431 2101 vocas?
473 2041 539 2103 Aut
564 2038 660 2121 igitur
687 2042 790 2101 ntdlus
819 2040 853 2101 in
874 2050 907 2102 te
925 2060 1037 2103 seusus
1056 2038 1164 2120 viget,

140 2148 194 2198 aut
219 2139 314 2200 semel
342 2139 446 2203 omnia
472 2140 632 2201 invertere
660 2139 838 2203 decrevisti.
878 2136 1061 2203 cumeum
1079 2138 1166 2201 occi-

140 2237 244 2313 deris,
271 2259 365 2321 quern
387 2238 411 2300 si
431 2241 605 2319 pulsasscs,
628 2239 738 2301 audire
757 2239 923 2303 (labebaris
938 2236 1042 2315 i⁸³³),
1071 2258 1166 2301 accu-

139 2338 254 2400 sationi
278 2359 344 2399 nou
372 2339 420 2400 vis
448 2360 518 2401 esse
548 2338 681 2401 iocum?
728 2340 821 2413 „Pru
848 2339 1013 2415 omnibus,
1043 2337 1165 2425 inquit,

140 2440 277 2503 amabam
289 2440 447 2505 homiuem
460 2485 467 2514 ,
482 2460 517 2500 ae
528 2439 629 2520 primo
640 2430 720 2501 inter
733 2439 922 2503 amicitiores
932 2440 970 2517 †)
982 2441 1055 2502 loco
1071 2438 1166 2503 habe·

140 2540 236 2602 bam.¹‘
249 2573 282 2584 ·-
292 2540 369 2601 Haeo
383 2552 430 2603 est
448 2542 543 2615 latro,
564 2541 651 2622 quod
666 2561 725 2603 nos
739 2539 872 2620 decepit.
889 2542 958 2602 Hac
970 2551 1024 2601 tua
1034 2540 1167 2602 ascititia

138 2660 276 2719 persona
288 2640 321 2702 in
332 2642 415 2703 hunc
428 2663 487 2703 nos
505 2644 639 2716 luctum,
663 2640 697 2701 iu
710 2642 767 2703 hos
778 2659 928 2702 moerores
941 2637 1115 2719 conjecisti.
1129 2672 1163 2685 -

140 2742 197 2811 „m
224 2740 275 2802 iile
311 2741 407 2803 fidem
435 2740 593 2820 prodidit,
629 2753 659 2800 et
690 2738 824 2821 acceptis
861 2758 880 2800 a
917 2756 968 2800 me
998 2738 1164 2802 beneficiis

139 2840 280 2923 ingratus
299 2839 473 2920 perfidiam.
485 2839 640 2915 reddidit,
670 2843 765 2912 homo
787 2838 921 2915 infidus,
942 2840 1107 2921 proditor,
1128 2861 1165 2901 ac

139 2938 298 3020 perjurus.
343 2941 447 3018 Quem
466 2940 526 3016 Η)
556 2959 618 3021 ego
647 2961 718 3002 cum
738 2962 774 3003 re
792 2940 922 3021 cognita
941 2938 1163 3024 objurgarem,

140 3037 303 3118 poenituit,
341 3058 377 3099 ac
402 3039 573 3119 lacrymans
602 3040 765 3119 deprocari
792 3063 918 3122 poenam
943 3042 1074 3103 adortus
1095 3051 1163 3116 est,

140 3159 206 3202 non
232 3142 328 3204 semel
361 3141 403 3202 ob
429 3141 582 3229 flagitimn
606 3140 688 3203 mori
712 3142 905 3217 decernens,
942 3160 980 3217 ac
1005 3161 1042 3202 ea
1068 3138 1101 3201 in
1127 3161 1164 3203 re

140 3240 305 3303 consilium
337 3262 430 3303 orans
457 3262 581 3315 meum,
626 3262 697 3302 curn
727 3240 864 3316 diceret,
906 3243 969 3304 hoc
998 3240 1162 3317 statuisse,

141 3341 231 3404 exire
255 3341 471 3421 Germaniam,
508 3350 540 3400 ot
569 3341 609 3402 ad
635 3352 759 3402 exteras
785 3341 903 3423 aliquas
923 3338 1067 3403 nationes
1087 3362 1165 3403 con-

141 3442 275 3515 cedere,
297 3439 385 3523 quod
398 3461 464 3500 uon
478 3451 589 3520 posset
603 3440 805 3521 turpitudinis
821 3442 951 3516 samam,
970 3438 996 3501 si
1010 3451 1163 3521 emergat,

72 3536 76 3543 ’
140 3542 236 3602 ferre.
276 3538 405 3601 iuterim
436 3544 531 3602 multa
548 3540 623 3603 milri
653 3541 864 3625 obloquutus‚
893 3540 978 3619 apud
1007 3540 1166 3622 quosdam

141 3639 204 3701 tide
224 3638 338 3717 (lignos
359 3661 425 3703 uon
444 3642 563 3705 veritus
584 3653 632 3704 cst
644 3641 769 3716 dicere,
790 3642 948 3726 quandam
965 3641 1164 3704 mehonesto

142 3742 214 3802 ioco
235 3751 356 3802 natam·
364 3741 522 3806 suminam
546 3743 587 3804 de
613 3755 724 3824 stupro
743 3744 931 3825 appellasse,
963 3750 995 3804 et
1014 3740 1163 3805 abnuenti

144 3840 206 3903 vim
227 3841 413 3916 intentasse3
432 3832 583 3924 practerea
597 3844 667 3906 data
681 3842 814 3925 pecunia
827 3843 1038 3919 subornasse,
1056 3861 1075 3902 ι
1093 3859 1162 3924 quo

144 3942 211 4025 ipse
238 3942 476 4005 interficeretur.
527 3947 633 4031 Atque
658 3944 722 4019 itis,
756 3953 793 4005 et.
812 3942 923 4005 talibus
933 3989 949 4019 „
973 3962 1165 4027 quamquam

143 4046 347 4107 vehomenter
376 4055 567 4106 commotum
601 4063 651 4104 me
680 4043 821 4120 videret,
859 4044 961 4106 adhuc
990 4043 1164 4107 insolenter

145 4143 271 4218 jactavit
301 4166 388 4218 sese,
419 4164 454 4204 ac
479 4141 584 4205 dolori
612 4144 771 4207 iruultavit
794 4165 877 4207 mco.
925 4144 964 4207 ld
990 4144 1081 4228 quod
1099 4164 1163 4227 ego

146 4258 338 4329 conquestus
365 4245 406 4307 de
432 4245 485 4307 iilo
517 4267 603 4323 sum,
636 4246 721 4328 apud
749 4264 805 4307 eos
823 4244 976 4318 maxime,
1018 4264 1103 4327 quos
1121 4241 1165 4307 iili

146 4352 339 4365 *—

183 4398 211 4461 *)
231 4407 379 4455 acritatem,
399 4406 581 4451 accusationem.
617 4396 661 4465 ’“)
679 4414 812 4465 quantum,
832 4418 906 4463 quam.
944 4393 1007 4464 m)
1024 4406 1064 4451 Stc
1082 4407 1164 4461 cutm,

184 4475 213 4519 ta
232 4474 278 4529 qni.
326 4466 407 4530 aava)
425 4477 510 4520 orrdtre
536 4475 676 4533 debebaris,
706 4476 802 4523 defendi
824 4486 873 4521 uon
889 4478 987 4532 poterat
1004 4474 1165 4521 zweitettutt.

184 4544 214 4594 i)
232 4546 298 4587 iuter
316 4544 487 4598 antistitaret,
506 4544 638 4589 amicorum.
675 4534 723 4604 ††)
744 4548 818 4606 {tuem
827 4577 836 4605 ,
856 4556 932 4602 quem.
