2624 5108
510 883 640 959 Oratio
668 882 831 975 Quart&
1110 893 1173 961 181

148 1098 247 1141 meam
271 1077 508 1143 accusationem
526 1084 773 1159 strpervacuam,
803 1079 937 1145 istorum
960 1081 1079 1145 lucrum
1099 1103 1176 1145 con-

145 1179 367 1261 temptibilem,
410 1179 568 1243 desideria
602 1180 762 1245 bonorum
794 1181 882 1244 irrita
910 1202 1054 1245 censere.
1112 1186 1176 1247 Sed

142 1280 228 1344 bene
250 1302 271 1343 a
294 1283 368 1357 Deo
394 1283 471 1362 Opt.
495 1282 586 1343 Max.
614 1293 819 1363 prospectum
849 1283 987 1367 equitati
1013 1295 1076 1358 est,
1119 1285 1174 1367 qui

143 1382 243 1467 qrralc
255 1370 345 1447 tanin
364 1374 468 1445 sellus
480 1382 565 1458 tait,
598 1384 658 1445 tale
677 1383 709 1445 in
727 1383 891 1447 hominum
908 1384 1173 1467 cogitationibus,

144 1502 184 1545 ac
204 1502 352 1546 sermone
370 1483 479 1565 baberi
501 1483 611 1546 voluit.
661 1487 766 1565 Quem
787 1485 870 1549 enim
891 1504 961 1548 esse
978 1495 1088 1567 putas,
1122 1486 1175 1547 eui

144 1594 182 1646 tu
203 1582 292 1645 visus
311 1582 459 1667 gratiam,
484 1585 610 1649 ainlitns
635 1582 863 1666 jucunditatem
880 1585 1016 1649 atteras?
1047 1585 1119 1669 quis
1143 1597 1175 1648 te

142 1703 213 1777 non
224 1704 351 1747 stimmo
363 1684 457 1763 odio,
473 1708 594 1749 srmrma
604 1686 827 1763 execratione,
841 1687 1037 1753 teterrimum
1047 1688 1176 1750 humani

141 1784 273 1868 generis
290 1782 452 1849 inimicum
469 1789 704 1873 persequatur?
731 1786 796 1852 Cui
813 1788 861 1851 rei
876 1788 911 1851 in
930 1790 1042 1853 eadem
1065 1789 1116 1852 illa
1135 1791 1176 1853 ad

143 1886 304 1957 Carenem
322 1886 525 1969 proiectione
549 1900 603 1951 tun
626 1890 739 1971 ingens
761 1890 988 1953 <loramentum
1013 1890 1091 1966 luit,
1125 1891 1176 1953 ille

143 1992 255 2071 nuper
267 1988 416 2081 nutriris
436 1992 555 2071 eques,
586 1989 731 2053 cuicum
753 1991 972 2054 denuntiatum
986 1992 1115 2068 luisset,
1143 2004 1175 2055 te

140 2088 233 2153 domi
256 2108 321 2151 sua
337 2102 622 2203 pernoctaturum,
668 2094 735 2155 tion
765 2092 864 2156 modo
897 2094 937 2156 ad
968 2114 1003 2156 se
1029 2094 1176 2174 recipere

142 2190 264 2277 uoluit,
280 2208 412 2253 ‚verum
431 2190 526 2253 etiam
552 2193 868 2257 contumeliosissime
888 2192 953 2257 suis
971 2194 1028 2257 tibi
1047 2212 1175 2273 posses·

147 2290 288 2355 sinubus
309 2290 493 2366 interdixit,
526 2294 589 2367 hoc
612 2294 805 2358 creberrimo
828 2314 980 2368 movens,
1010 2306 1175 2375 nunquam

151 2390 211 2455 sibi
237 2392 485 2457 contubernium
522 2391 666 2459 intumuit
697 2416 769 2457 cnm
802 2415 861 2470 co,
911 2393 967 2476 qui
1003 2391 1176 2455 amicorum

148 2494 456 2557 sucrum‘uxorihus
486 2505 631 2575 stuprum
652 2495 811 2570 intendat,
849 2494 937 2572 ipsos
964 2492 1006 2555 ob
1030 2492 1065 2555 id
1085 2494 1174 2555 lerro

146 2604 180 2657 et
192 2588 365 2685 ''l’lpqueis
386 2594 515 2671 enecet,
537 2617 597 2659 nec
617 2596 699 2659 velle
719 2616 808 2657 suam
825 2594 973 2669 domum,
1001 2613 1079 2655 suos
1095 2593 1174 2655 deos

142 2708 274 2777 penates
293 2686 363 2759 ¹tua
401 2695 549 2759 incestari
580 2694 729 2770 libidine,
774 2707 832 2757 tuo
864 2694 965 2776 pollui
994 2693 1173 2756 latrocinio.

142 2792 275 2861 nunde·
298 2780 373 2861 cuin
395 2793 501 2885 jussus
525 2817 658 2881 quoque
686 2807 787 2870 esset,
822 2806 855 2856 te
870 2794 1035 2876 recipere,
1067 2793 1174 2857 omnia

141 2898 231 2981 prius
258 2888 402 2981 eriperiri
431 2900 511 2960 velle
545 2898 643 2975 dixit,
677 2918 773 2980 quam
794 2897 854 2959 snb
876 2908 995 2959 tectum
1025 2916 1118 2959 suum
1142 2906 1175 2957 te
1245 2914 1248 2919 ·

141 2998 335 3064 admitteret.
385 2982 454 3061 Nec
472 3011 507 3061 ut
525 2999 703 3063 admitteret
721 2998 796 3079 cogi
814 2998 929 3078 potuit.
977 2998 1031 3059 'l'u
1050 3016 1173 3078 vagus,

142 3110 242 3181 atque
271 3100 328 3163 ubi
359 3100 569 3175 consisteres,
612 3100 768 3173 incertus,
806 3110 879 3161 atate
911 3108 958 3159 tot
994 3096 1175 3178 principum

143 3200 272 3285 agmina
285 3201 459 3275 oberrasti,
480 3199 606 3265 nemine
621 3198 747 3263 interim
760 3198 948 3262 salutatione
965 3198 1016 3272 (Ν)
1035 3207 1070 3258 ut
1085 3196 1174 3276 prius

143 3301 343 3383 excipiente,
379 3302 508 3367 nemine
533 3302 730 3383 colloquium
755 3299 974 3381 impertiente,
1009 3295 1175 3375 cumipse

142 3423 281 3489 quoquc
294 3402 458 3469 immutato
474 3406 581 3478 vultu,
601 3422 638 3462 ac
653 3401 751 3476 lacie,
772 3400 896 3483 aliquos
915 3397 973 3460 tibi
992 3394 1175 3465 obnoxios,

142 3504 264 3589 alloqui
289 3526 358 3569 non
381 3507 534 3579 auderes,
566 3524 633 3586 quo
657 3524 698 3565 ne
723 3500 763 3563 ab
790 3520 825 3560 se
849 3501 1049 3580 repellerent.
1099 3497 1176 3559 Haec

144 3606 189 3669 de
201 3616 235 3667 te
249 3604 360 3688 opinio
379 3618 439 3671 est.
483 3607 557 3667 Hoc
571 3602 736 3684 judicium.
774 3600 827 3663 Sic
844 3611 875 3661 te
888 3620 1000 3664 omncs
1013 3599 1172 3673 oderunt,

145 3726 184 3769 cc
202 3707 362 3788 perditum
381 3710 503 3769 volunt.
550 3705 603 3767 Sic
618 3714 674 3764 tua
689 3698 872 3763 recordatio
891 3700 1039 3762 omuibus
1062 3699 1175 3761 odiosa

144 3818 209 3885 cst,
227 3807 396 3891 presentia
408 3805 583 3880 horribilis,
598 3801 764 3865 convictus
776 3798 1006 3861 formidandus.
1032 3798 1175 3860 Proinde

143 3918 229 3973 tumn
267 3907 549 3989 incomparabilem
588 3903 734 3967 malitiam
779 3897 923 3982 quamvis
969 3900 1176 3961 vehementer

142 4009 304 4086 admiror,
328 4020 432 4073 tamen
447 4010 550 4073 adhuc
567 4006 666 4089 magis
684 4001 899 4066 admirandum
914 3998 1014 4071 duco,
1036 3997 1125 4076 quod
1142 3996 1175 4055 in

141 4112 191 4177 bia
208 4110 348 4175 miseriis
363 4109 476 4173 vivero
491 4120 594 4189 pates.
632 4108 684 4169 Αιι
706 4117 739 4166 tu
758 4123 840 4176 non,
868 4097 996 4183 quoties
1013 4098 1100 4157 solus
1121 4114 1174 4170 es,

142 4206 341 4299 quotiesque
365 4223 471 4274 tecum
489 4210 516 4272 si
532 4228 674 4291 unquam
698 4229 749 4281 es,
776 4207 924 4286 laqueum
949 4196 1090 4280 cogitas,
1122 4207 1176 4257 aut

143 4317 286 4401 aliqrram
309 4314 367 4377 tibi
393 4334 525 4395 rupem,
553 4311 691 4394 aliquam
707 4306 868 4401 speculam
887 4299 1059 4385 prospicis,
1090 4296 1176 4361 turde

145 4463 346 4479 -—-—

180 4548 213 4611 ⁴)
231 4564 274 4615 et,
292 4566 327 4604 at.
365 4545 413 4617 ¹⁵¹⁴)
433 4568 478 4599 var
497 4556 540 4600 at:
559 4562 584 4601 te
603 4548 823 4608 carchaeurtchen.
