2624 5108
207 824 277 896 330
459 821 515 897 sd
540 821 641 897 Rich.
667 823 828 898 Crocum
850 825 965 922 Epist.

206 1031 278 1099 post
303 1024 416 1082 mrrltos
443 1020 562 1102 aliquot
585 1039 709 1084 menses
730 1019 910 1102 accipimus.
953 1021 1082 1084 Novum
1109 1023 1225 1087 Testa-

205 1135 344 1186 tueutunr
367 1126 499 1186 llouraur
525 1124 609 1184 illurn
632 1119 787 1195 mississe,
816 1128 928 1184 ruiuor
946 1134 1022 1185 erat.
1063 1126 1136 1186 Non
1155 1125 1224 1188 vidi

205 1225 281 1303 ipse.
340 1225 408 1287 Oro
451 1223 603 1306 quicquid
636 1220 744 1284 baberi
773 1243 929 1284 rrovanuu
958 1246 1066 1288 rerum
1096 1238 1223 1304 potest,

206 1326 339 1409 collige,
368 1346 403 1400 ae
425 1324 514 1407 qnasi
540 1323 644 1386 inultis
670 1320 759 1385 simul
785 1325 1008 1388 consarcinatis
1033 1325 1223 1389 centonibus

204 1429 369 1508 epistolant
389 1428 507 1499 sortus,
538 1436 671 1507 ebriaque
699 1424 833 1505 prinlum
861 1425 900 1487 ad
926 1447 976 1487 nre
1001 1426 1224 1507 perferendam

205 1549 292 1591 cura.
338 1526 457 1607 Accepi
489 1534 644 1609 Obscuros
664 1536 783 1590 Viros:
825 1525 878 1589 Dii
907 1525 1000 1588 boui!
1035 1550 1130 1611 quam
1157 1550 1224 1590 non

115 1618 118 1623 ¹
204 1628 369 1691 illiberales
396 1627 505 1709 jocos!
544 1628 668 1689 Verum
693 1626 869 1707 ipsum'me
898 1638 1040 1693 autorem
1068 1649 1134 1691 non
1159 1628 1224 1708 jaru

204 1728 403 1810 suspicantur
425 1729 593 1808 Sophiste,
623 1729 705 1802 sed„
722 1740 756 1790 ut
782 1726 895 1803 audio,
926 1730 1027 1808 palam
1043 1730 1223 1809 praedicant.

207 1832 344 1911 Oppone
365 1829 422 1891 illis
443 1841 489 1902 te,
517 1841 547 1890 et
574 1828 707 1910 alispram
727 1828 863 1890 absentis
882 1827 971 1891 amici
999 1850 1122 1893 cansam
1141 1852 1222 1910 age,

204 1951 264 1993 trec
276 1952 327 1992 me
345 1929 410 1991 istis
424 1931 572 1992 sordibus
588 1929 686 2009 pollui
703 1928 782 1993 sine.
820 1930 869 1993 De
888 1932 999 1993 eadem
1010 1930 1077 2010 ipsa
1090 1951 1223 2013 quoque

204 2050 241 2095 re
253 2032 384 2109 copiose
398 2030 572 2110 perscribas
588 2050 675 2092 cura.
714 2030 930 2093 Atteudnntur
944 2053 1016 2093 raro
1029 2030 1224 2109 Lipsienses.

206 2129 349 2194 Cottidie
369 2131 487 2215 aliquid
513 2128 612 2194 audis.
652 2128 738 2211 Quid
763 2131 948 2205 moliantur,
974 2132 1026 2192 sac
1044 2130 1159 2205 sciam,
1187 2152 1224 2194 ac

205 2232 285 2294 vale.
327 2233 480 2294 Bononia
500 2231 559 2294 XI.
599 2232 704 2294 Mens.
725 2232 901 2311 Septembr.
921 2233 1041 2311 raptim.

282 2334 404 2396 iteratis
434 2334 702 2396 consolationibus
733 2334 814 2393 bene
841 2354 968 2414 sperare
1000 2330 1151 2413 jubentur
1182 2335 1223 2396 de

206 2434 381 2515 Capnionis
410 2454 505 2497 causa
532 2434 621 2497 antici
648 2433 794 2496 llomaui.
833 2433 995 2516 Quicquid
1022 2445 1084 2507 est,
1114 2445 1222 2495 metuo

205 2558 318 2600 aurum
345 2536 566 2617 Soplristicurn.
615 2537 825 2613 Hogostratus
855 2534 915 2597 etsi
943 2534 1085 2597 nondum
1115 2544 1225 2595 contra

206 2638 406 2720 Capuionern
425 2637 604 2719 promovit,
634 2658 745 2698 vorum
769 2656 808 2697 eo
829 2647 932 2697 tamen
954 2654 1083 2712 sperare
1105 2631 1224 2714 aliquid

205 2740 350 2813 videtur,
373 2740 462 2820 ‹prod
482 2749 529 2797 tot
549 2735 611 2815 jam
631 2758 729 2799 annos
748 2737 832 2799 litem
852 2737 1008 2817 producit.
1046 2740 1089 2799 Et
1108 2737 1225 2798 Roma-

205 2842 254 2905 nis
290 2838 447 2919 aurisugis
478 2837 553 2898 nihil
585 2838 730 2900 voracius
765 2849 830 2911 est,
869 2834 966 2911 nihil,
1008 2837 1064 2897 ubi
1094 2855 1226 2897 munera

206 2939 419 3021 objiciuntur,
440 2937 628 3000 mutabilius.
667 2938 736 3000 Jarn
756 2948 875 2998 cortnm
894 2949 958 3013 est,
978 2936 1100 3014 judices
1119 2934 1225 2996 multis

207 3060 243 3101 ac
272 3036 444 3100 ursanifestis
478 3036 669 3117 prejudiciis
701 3039 840 3098 elevasse
873 3039 1058 3118 Hogostrati
1091 3058 1227 3099 causant.

206 3139 317 3219 Sperat
345 3139 394 3200 ille
423 3151 525 3201 tamen
552 3138 688 3219 aliquam
709 3138 863 3199 hiantibus·
883 3138 1033 3201 Cerberis
1054 3139 1149 3199 ollam
1170 3138 1228 3197 ob-

205 3236 381 3323 jecturum,
428 3262 492 3322 qua
527 3237 644 3298 aditum
685 3237 723 3298 ad
759 3238 922 3301 victoriam
955 3237 1016 3300 sibi
1049 3235 1228 3317 patefaciat.

207 3340 332 3405 Utinam
352 3350 505 3403 transacta
532 3348 598 3400 acta
628 3349 753 3413 raserit,
789 3360 855 3424 quo
883 3359 924 3402 ue
943 3337 1088 3420 suspensi
1109 3335 1226 3400 diutius

207 3462 357 3511 essemus.
397 3440 488 3501 Vale.

230 3610 250 3639 fl
