2624 5108
147 852 219 928 442
558 850 754 948 Pasqmllus

583 1046 729 1120 Cyrus

218 1144 278 1209 Dic
291 1147 408 1222 libere,
429 1148 490 1210 scis
506 1150 590 1211 enim
605 1150 716 1212 barum
731 1165 839 1209 rerum
855 1144 945 1230 quod
965 1147 1023 1210 sim
1041 1144 1167 1221 aridam,

143 1266 302 1330 aptamque
331 1269 454 1310 mecum
480 1234 585 1311 omnia
611 1248 668 1311 tibi
696 1248 818 1311 liceant.
872 1249 975 1311 Nemo
1007 1247 1058 1311 hic
1094 1255 1166 1321 est,

143 1367 238 1428 quem
257 1364 469 1423 revereamur.
507 1348 594 1412 Inter
613 1368 672 1411 nos
695 1349 745 1410 hic
761 1332 875 1411 sermo.

517 1456 783 1531 Pasquillus.

218 1547 346 1623 Dicam,
374 1560 405 1609 et
428 1549 556 1630 quidem
577 1550 750 1615 verissime.
787 1551 876 1613 Ultra
894 1570 987 1633 quam
1008 1548 1166 1632 quingen-

141 1656 171 1709 ta
189 1642 282 1713 millia
312 1650 499 1711 ducatorum
524 1670 565 1710 ex
595 1650 642 1739 his
672 1651 822 1733 creaturis
847 1651 917 1735 'suis
946 1661 992 1711 est
1020 1653 1167 1730 adeptus.

142 1746 227 1808 Virle
246 1769 340 1831 quam
360 1748 452 1810 bonae
471 1762 636 1829 creatrrrp,
664 1737 873 1834 qui'creatori
896 1771 955 1813 suo
977 1761 1038 1812 tam
1058 1745 1167 1835 gratie.

141 1847 185 1908 At
209 1846 264 1909 ubi
291 1848 372 1912 inter
404 1850 470 1913 illas
500 1860 658 1933 creaturas
687 1851 750 1929 jam
780 1849 882 1932 major
914 1871 986 1931 pars
1018 1850 1167 1938 omnibns

141 1947 275 2010 nummis
302 1950 448 2031 spoliata,
468 1950 580 2025 ¹immo
611 1960 644 2013 ct
673 1963 822 2032 creaturae
857 1973 892 2014 se
927 1950 1051 2013 delusas
1095 1970 1167 2013 esse

142 2046 303 2124 viderent,
343 2050 530 2129 promiserat
557 2050 641 2115 enim
673 2050 825 2113 Po'ntilex
862 2070 926 2111 non
957 2050 1017 2137 nisi
1048 2070 1167 2131 paucas

142 2157 318 2223 creaturas,
358 2149 472 2232 quibus
503 2163 534 2213 et
570 2152 695 2214 abunde
729 2151 761 2214 in
798 2150 958 2215 beneficiis
991 2151 1166 2233 providere

140 2258 258 2329 posset.
297 2249 382 2311 Vide
413 2272 505 2332 quam
532 2251 620 2313 hilari
647 2244 736 2314 cultu
765 2251 823 2332 ipsi
847 2250 996 2331 pecunias
1025 2253 1164 2314 creatori

141 2349 359 2428 promiserant.
398 2351 559 2414 Intuentes
571 2363 675 2414 autem
689 2373 757 2415 sese
770 2351 812 2414 illi
834 2350 894 2433 ipsi
914 2349 1041 2426 XXXI,
1059 2363 1165 2416 martiis

141 2450 261 2512 scilicet
285 2473 452 2527 numerus,
495 2464 528 2515 ut
548 2452 641 2516 etiam
666 2452 770 2534 Virgo
790 2452 930 2534 gloriosa
955 2472 1058 2530 puero
1087 2450 1167 2514 Jesu

141 2550 270 2627 timens,
291 2572 332 2614 nc
344 2564 374 2614 et
390 2552 492 2635 ipsum
503 2564 665 2634 raperent,
687 2574 723 2614 ac
739 2553 772 2614 in
787 2549 984 2614 Carrlinalem
1001 2563 1167 2627 crearent,

141 2652 182 2715 ad
201 2652 295 2713 eoelos
316 2651 503 2735 quantocius
528 2653 611 2733 apud
632 2652 766 2715 Mariam
786 2650 1034 2731 transpontinam
1058 2651 1167 2729 remk·

143 2763 224 2815 teret
258 2752 404 2833 (fulgure
443 2752 527 2815 enim
560 2754 654 2813 coelos
692 2752 802 2833 petiit)
837 2759 973 2826 tantum,
1014 2752 1167 2835 inquam,

140 2873 254 2915 eorum
273 2873 457 2927 numerum,
489 2863 523 2914 ut
542 2872 624 2934 pene
643 2852 689 2914 his
709 2851 879 2933 providere
899 2871 964 2913 non
984 2862 1104 2931 posset.
1127 2889 1164 2904 -

142 2951 257 3015 Subito
277 2954 537 3036 excogitaverunt
556 2965 679 3016 creator
701 2963 732 3015 et
748 2962 896 3013 creaturae
923 2952 1050 3028 (nescio
1073 2950 1166 3034 quse)

142 3074 227 3115 nova
246 3054 286 3117 de
306 3055 423 3135 Sophi,
452 3056 492 3117 cle
514 3056 636 3129 'l'urca,
668 3051 849 3116 Christianae
869 3050 944 3113 lidei
964 3051 1166 3127 atrocissimis

139 3153 293 3217 hostibus.
340 3154 410 3218 Jam
431 3156 568 3216 ancam
588 3152 701 3228 nobis,
729 3153 791 3214 imo
813 3147 995 3214 Christianis
1017 3154 1165 3216 ominbus

140 3254 322 3330 imminere,
358 3254 410 3318 cni
434 3252 494 3317 nisi
524 3266 613 3316 eatur
633 3253 780 3328 obviam,
810 3264 913 3314 actum
939 3274 1008 3316 esse
1033 3255 1073 3314 tle
1094 3253 1165 3316 uni·

141 3376 235 3423 versa
266 3354 429 3436 republica
460 3353 644 3418 Christiana.
696 3352 883 3429 Consultant
913 3352 1009 3436 igitur
1037 3352 1166 3433 publice

141 3475 214 3516 cum
246 3455 385 3516 omnium
411 3454 588 3536 principum
615 3454 865 3519 christianorum
898 3452 1094 3527 oratoribus,
1129 3472 1166 3514 ac

142 3555 240 3635 longe
271 3554 359 3616 aliter
393 3553 555 3634 privatim,
595 3554 682 3617 aliter
712 3552 848 3637 publice.
897 3553 1049 3618 Privatim
1080 3552 1166 3615 enim

142 3652 358 3728 subridentes,
391 3666 500 3737 putant
528 3655 665 3735 perbelle
692 3676 799 3716 secum
826 3653 894 3738 agi,
927 3675 1026 3735 quum
1051 3673 1166 3714 eorum

143 3753 275 3837 egestati
305 3754 492 3818 subveniant
519 3758 568 3818 vel
593 3755 718 3817 barbari
744 3755 819 3835 ipsi,
855 3753 980 3835 publice
1008 3752 1166 3829 decimas,

144 3853 331 3938 vigesimas,
367 3854 659 3940 quinquagesimas,
693 3869 788 3940 atque
818 3854 985 3921 cruciatam
1011 3852 1166 3916 universo

142 3958 264 4037 populo
286 3955 465 4020 Christiano
488 3957 640 4018 indicunt.
678 3956 716 4020 Id
735 3955 794 4019 sibi
812 3954 959 4038 privatim
978 3952 1166 4037 pollicentes

144 4069 309 4133 creatum,
344 4069 379 4119 ut
403 4055 516 4119 habitis
536 4056 742 4119 barbarorum
764 4056 886 4132 aureis,
918 4078 1012 4120 nemo
1033 4080 1055 4133 e,
1074 4076 1165 4147 crea7

143 4158 221 4222 turis
248 4160 373 4222 loturus
401 4157 440 4221 sit
467 4179 598 4239 pauper.
636 4157 807 4240 Numquis
833 4168 947 4220 renuet
967 4168 1079 4221 tautam
1100 4157 1168 4221 vim

144 4258 240 4322 atui?
270 4264 355 4338 -Ouo
376 4255 473 4343 igitur
493 4256 605 4339 optatis
624 4257 801 4341 potiantur,
828 4259 952 4322 mittunt
972 4259 1011 4321 ad
1030 4252 1169 4340 Hispan·

143 4376 219 4436 nos,
241 4360 280 4425 ad
298 4358 404 4421 Gallos
415 4404 424 4435 ,
444 4356 583 4441 itemque
603 4360 643 4422 ad
663 4341 856 4445 Germanos,
876 4360 998 4443 legatos
1018 4370 1172 4442 quatuor.

135 4461 187 4524 ¹Et
217 4471 255 4524 ut
283 4458 410 4524 videant
441 4446 600 4540 principes
632 4456 800 4523 Christiani
831 4458 864 4524 id
894 4482 960 4523 non
991 4458 1072 4523 sacri
1099 4459 1174 4524 auri
