2624 5108
636 1108 669 1196 1.

389 1317 563 1394 Oratio
600 1314 942 1424 Decimsrumn,

153 1464 345 1586 proposita
378 1511 448 1584 pet
479 1483 805 1558 reverendissimos
835 1484 996 1582 Legatos
1031 1493 1171 1557 sanctae

153 1626 249 1699 sedis
285 1616 525 1727 Apostolicae'‚
569 1646 695 1697 coram
738 1633 923 1695 conventu
963 1614 1169 1721 Majestati's

550 1760 762 1859 Imperialis.

150 2078 243 2173 Boni
263 2109 409 2171 stlsmnus
428 2105 548 2184 nuntii,
567 2103 769 2170 llhtstrissimi
789 2106 972 2188 Principes,
994 2106 1066 2169 Leo
1081 2107 1169 2172 Pon·

150 2211 230 2273 tilcx
257 2209 347 2271 Mox.
370 2220 442 2289 post
471 2205 685 2288 Apostolicsm
708 2206 962 2272 benedictionem
988 2205 1169 2271 Romanum

151 2308 383 2383 Christianum,
414 2310 563 2389 idemque
585 2318 725 2371 vernum
748 2305 915 2385 imperium
940 2315 1130 2385 occupatum
1148 2325 1169 2367 ι

151 2409 283 2483 'l'nrcis,
315 2409 494 2471 restitutum
517 2408 609 2472 vobis
633 2409 666 2471 in
690 2417 814 2478 vestro,
841 2424 877 2466 ec
897 2403 1080 2468 Christiane
1105 2405 1167 2469 rei·

149 2509 280 2589 puhlicae
307 2508 442 2583 virtuto,
475 2518 507 2568 et
535 2510 631 2589 opert
658 2508 765 2589 cupit,
797 2504 955 2585 disponit,
986 2505 1120 2584 primum
1148 2526 1167 2569 a

148 2609 239 2672 robis
259 2608 354 2690 petit,
382 2608 533 2671 memoris
556 2608 713 2690 siquidem
730 2626 803 2668 cnm
820 2606 992 2685 repetimus
1010 2603 1168 2693 majolum

148 2723 325 2773 soenorum
351 2709 501 2792 gloriam,
535 2707 629 2770 animi
654 2706 918 2789 magnitudinem,
950 2718 984 2769 et
1010 2726 1065 2779 ea,
1095 2728 1166 2790 que

147 2811 272 2873 l'ortiter
292 2831 328 2873 ac
353 2821 482 2873 strenue
501 2817 667 2891 gesseruut
685 2827 747 2887 pro
768 2807 942 2888 Republica
962 2809 1008 2887 (si
1027 2807 1165 2872 ecclesie

146 2909 338 2990 presertim,
362 2909 567 2994 religionisve
592 2928 686 2971 cause
711 2911 876 2990 ageretur)
905 2929 971 2971 non
996 2930 1165 2989 possumus

145 3008 221 3081 laeti,
250 3021 345 3089 attpre
363 3011 474 3074 hilares
493 3030 554 3072 nos
572 3009 659 3090 ipsos
677 3007 851 3072 continere.
897 3008 981 3080 Cum
999 3032 1064 3073 non
1084 3012 1166 3076 intra

145 3128 204 3168 nos
224 3107 381 3181 dicamus,
400 3129 468 3170 non
482 3110 688 3184 sthniremnr,
708 3129 774 3171 sion
788 3108 1011 3186 conjiciamus,
1030 3134 1096 3174 non
1108 3134 1165 3175 ex·

145 3207 306 3280 timemus,
326 3207 383 3269 scd
397 3206 472 3288 ipsis
484 3212 532 3285 (ut
547 3207 649 3285 ojrrnt)
667 3209 767 3272 oculis
782 3209 1028 3291 conspiciamus,
1044 3224 1165 3296 qtrsrrto

145 3308 210 3372 sitis
243 3307 364 3381 animo,
402 3305 526 3388 (pinnis
558 3306 679 3371 viribus
713 3310 753 3371 ad
782 3310 898 3374 Christi
929 3313 1165 3393 rempublicam,

144 3420 238 3491 atque
264 3406 450 3489 religionem
469 3409 708 3488 capessendam,
740 3410 923 3475 Priscorum
950 3413 1089 3491 vestigiis
1116 3414 1164 3477 in·

144 3509 287 3571 sistentes
312 3505 471 3568 accusuriz
505 3508 564 3583 ita,
597 3520 632 3570 ut
651 3509 708 3592 qui
727 3511 815 3574 annis
835 3534 936 3594 prope
955 3514 1163 3596 septingentis

145 3610 322 3670 Romanum
354 3605 522 3685 imperium
551 3619 696 3689 creptum
726 3629 745 3679 e
776 3612 917 3686 Grecis,
955 3627 1119 3695 receptum
1145 3638 1164 3678 ι

144 3705 256 3782 Gallis,
282 3727 402 3769 summa
425 3709 488 3769 lide
508 3708 698 3787 Apostolicoe
721 3691 860 3772 ecclesio
879 3712 1047 3787 servastis,
1078 3715 1164 3777 idem

143 3827 274 3890 quoqne
297 3830 383 3871 nnnc
407 3808 531 3870 sitnon
548 3808 645 3870 modo
667 3830 732 3872 non
751 3808 970 3886 diffidendum,
1000 3814 1057 3876 cell
1084 3834 1163 3895 qnis-

142 3929 270 3990 cunqne
293 3906 379 3971 orbis
398 3919 486 3988 patet
504 3920 610 3973 vestra
630 3930 761 3993 qnoque
781 3909 916 3986 virtute,
947 3932 984 3974 ec
1003 3913 1067 3975 lltle
1086 3933 1162 3994 pro·
1183 3918 1187 3927 '

141 4009 330 4091 pagentlurn.
374 4009 462 4071 ltalia
487 4010 588 4073 omnis
615 4010 738 4093 siquam
766 4032 854 4093 spem
878 4011 1032 4095 reliquom
1055 4013 1162 4092 hebet,

142 4112 264 4193 siquem
282 4108 423 4170 victorio
442 4112 543 4172 lucem
564 4108 668 4186 videt,
701 4111 734 4173 in
756 4112 919 4175 Germanis
938 4111 1034 4175 videt.
1079 4114 1161 4177 Ger·

140 4231 249 4273 runos
264 4208 432 4272 Christiani
451 4208 546 4290 hujus
560 4210 632 4272 belli
647 4223 807 4289 suctores,
828 4235 864 4276 oc
880 4214 995 4290 duces,
1016 4216 1161 4281 eosdem·

141 4329 205 4391 que
233 4311 434 4373 coniectores
464 4309 525 4371 sihi
552 4310 728 4390 pollicetur.
777 4313 895 4377 Nullibi
928 4315 1011 4379 enim
1039 4327 1161 4381 tantum

141 4406 310 4473 Christiani
339 4408 476 4484 nominis
506 4430 543 4473 sc
574 4410 651 4477 soei
676 4413 905 4494 patrocinium,
944 4431 1098 4500 qunntm
1124 4418 1160 4487 io
