2624 5108
221 860 267 933 118
480 858 535 930 Ad
558 857 700 931 Ludov.
724 856 926 933 Huttenum

221 1052 333 1118 tudini.
371 1049 445 1114 Sine
474 1051 554 1113 hanc
581 1046 640 1112 tibi
665 1047 821 1113 miseriam
846 1048 948 1112 leniri.
984 1041 1131 1115 Mortalis
1156 1062 1234 1126 eret,
1261 1088 1269 1103 ι

221 1153 279 1238 qui
297 1161 438 1216 mortuus
462 1158 519 1211 est.
557 1150 654 1230 Quod
673 1168 745 1212 eum
762 1169 886 1231 semper
904 1150 1052 1226 sciveris,
1074 1172 1132 1214 cur
1150 1172 1233 1213 nune

220 1252 346 1316 tandem
368 1248 492 1312 nescire
511 1246 656 1313 videris?
687 1250 780 1312 Tunc
805 1252 976 1334 iugendrmr
1000 1248 1059 1313 tibi
1078 1263 1179 1328 esset,
1207 1250 1235 1314 si
1275 1310 1278 1315 .

221 1371 360 1436 untprum
379 1346 563 1412 credidisses
584 1359 737 1430 perpetuo
757 1350 924 1415 victurum.
973 1352 1017 1415 At
1036 1355 1234 1432 exploratum

219 1451 277 1514 tibi
298 1462 382 1524 erat,
416 1468 512 1531 posse
538 1447 620 1512 mori
644 1448 794 1530 primum,
826 1444 942 1514 deinde
968 1450 1114 1513 munibus
1142 1452 1235 1515 etiam

220 1550 306 1615 horis
334 1568 448 1628 posse,
486 1547 544 1625 ita,
581 1559 617 1610 ut
641 1568 762 1611 novum
789 1568 856 1611 non
882 1547 939 1626 sit,
978 1561 1137 1614 mortuum
1165 1571 1233 1615 esse

219 1648 387 1733 homiuem.
426 1648 583 1712 Preteree
597 1668 638 1711 eo
655 1647 765 1713 mortis
783 1668 902 1731 genere
917 1649 1036 1712 interiit
1051 1660 1123 1712 tuus
1140 1650 1234 1727 filius,

220 1750 310 1832 quod
330 1748 470 1830 inprimis
486 1749 558 1812 Deo
574 1750 691 1831 piacet,
716 1746 834 1810 scilicet
845 1747 1031 1811 innocenter
1048 1748 1232 1812 trucidatus.

218 1850 263 1915 At
286 1851 469 1913 innocentes
489 1869 566 1913 suos
584 1860 678 1911 voert
699 1848 807 1924 Deus,
843 1867 948 1932 neque
967 1840 1107 1931 uuqusm
1128 1848 1229 1931 magis

219 1951 377 2026 irascitur,
407 1971 501 2033 quam
526 1947 653 2013 offensis
679 1944 757 2023 illis,
790 1959 826 2011 tu
848 1947 927 2033 quid
955 1948 995 2010 ad
1020 1966 1087 2011 rem
1111 1948 1233 2011 facies?

218 2051 325 2114 Habes
343 2051 449 2114 Deum
464 2047 632 2112 vindicem.
657 2048 788 2130 Accipe
805 2059 909 2111 eutem
927 2047 1027 2124 eliud,
1047 2051 1073 2111 si
1092 2051 1154 2112 hoc
1173 2060 1232 2125 est,

218 2153 309 2235 quod
326 2150 395 2212 fere
413 2148 569 2230 sapientes
583 2148 716 2225 dicum,
744 2150 823 2212 huuc
847 2147 942 2213 vium
965 2144 1035 2212 csse
1058 2148 1232 2227 miseriam,

217 2252 390 2315 dolendum
417 2269 528 2313 censes
552 2260 642 2313 tuum
669 2249 766 2315 filium
795 2268 867 2313 esse
890 2248 1040 2313 miserum
1070 2247 1233 2314 desiisse?

218 2354 296 2415 Sunt
320 2352 413 2426 item,
445 2348 502 2434 qui
528 2349 575 2412 sic
598 2360 726 2432 putent,
760 2349 912 2432 optimum
941 2368 1010 2411 esse
1036 2370 1102 2412 non
1128 2348 1232 2426 uesci,

215 2453 396 2533 proximum
406 2449 470 2513 cito
481 2462 588 2514 nutum
600 2450 731 2514 aboleri.
769 2452 916 2533 Quorum
928 2449 1015 2530 prius
1033 2448 1109 2511 illud
1122 2446 1232 2512 durius

216 2565 279 2627 est,
311 2573 404 2635 cpiam
431 2564 466 2614 ut
505 2551 598 2622 nobis
629 2551 807 2613 conveniat.
860 2552 934 2614 Hoc
963 2550 1136 2613 secundum
1162 2550 1233 2611 fere

215 2655 377 2734 accipitur.
416 2654 497 2717 Nam
516 2652 543 2714 si
563 2653 614 2715 hie
633 2650 739 2714 miseri
763 2672 887 2723 sumus,
913 2649 991 2731 quid
1010 2648 1098 2729 prius
1121 2658 1233 2728 optare

216 2754 383 2826 debemus,
421 2772 517 2834 quam
538 2763 575 2812 ut
601 2749 753 2827 ocyssime
780 2769 838 2829 per
864 2759 995 2809 mortem
1025 2747 1133 2809 miseri
1160 2767 1232 2811 esse

216 2854 408 2925 desinamus,
427 2849 515 2911 etad
534 2870 603 2911 eam
622 2868 830 2928 properemus
848 2847 958 2922 vitem,
986 2868 1055 2931 quse
1076 2849 1140 2910 vita
1158 2847 1232 2911 est?

215 2952 299 3016 Nihil
318 2952 451 3011 istorum
472 2968 539 3010 non
566 2947 709 3010 miserius
736 2959 837 3009 morte
861 2946 991 3024 judico,
1027 2947 1229 3023 servitutem,

214 3050 387 3124 infandam,
414 3067 591 3124 carcerem,
610 3049 763 3124 dedecus,
783 3049 918 3123 luctum,
932 3049 1093 3122 dolorem,
1114 3061 1146 3112 et
1159 3070 1229 3132 quae

214 3159 286 3211 sunt
297 3147 471 3228 ejusmodi,
492 3149 663 3211 videndum
684 3150 776 3212 etiam
794 3150 1059 3233 quemadmodum
1075 3151 1109 3213 in
1123 3168 1231 3213 rerum

214 3250 331 3314 naturis
343 3298 352 3327 ,
382 3270 453 3313 sues
475 3248 579 3311 omnia
594 3248 680 3309 vices
698 3250 808 3313 sortita
832 3250 903 3313 sint.
942 3254 1019 3330 Quae
1037 3262 1230 3326 nascuntur,

214 3352 317 3414 virent
330 3351 481 3430 primum,
503 3348 618 3411 deinde
632 3358 793 3426 arescunt,
822 3362 862 3413 et·
873 3352 986 3415 emisso
1006 3370 1102 3414 succo
1115 3351 1231 3413 cmori-

213 3462 327 3524 uutur‚
366 3448 534 3531 aliquando
569 3461 715 3528 repente,
748 3461 780 3512 et
806 3462 877 3512 aute
908 3462 1030 3530 tempus
1058 3451 1230 3514 intereunt.

213 3553 285 3613 Hoc
304 3570 376 3611 cum
393 3548 425 3610 in
444 3547 575 3611 floribus
595 3561 627 3610 et
644 3549 748 3613 herbis
768 3561 908 3629 spectes,
928 3549 961 3613 in
983 3548 1145 3612 homiuum
1165 3551 1231 3615 vita

213 3648 428 3713 admirandum
455 3647 567 3712 ducis?
612 3659 643 3710 et
667 3649 758 3732 qussi
783 3662 895 3729 preter
919 3663 1060 3713 naturam
1090 3649 1145 3725 sit,
1181 3648 1228 3713 sie

214 3747 352 3828 accipis?
393 3750 506 3831 Neque
531 3747 618 3811 istud·
636 3770 761 3812 rursum
786 3751 894 3826 vides,
927 3771 992 3812 non
1024 3749 1230 3813 adiuratione

213 3860 347 3914 mortem
379 3849 449 3910 vitre
479 3850 641 3924 comitem,
677 3870 772 3931 quum
799 3850 862 3912 dici
893 3861 1021 3912 noctem
1051 3848 1231 3911 adsistere?

215 3948 298 4015 Cum
315 3949 406 4038 liberi
422 3950 479 4012 tibi
495 3950 570 4012 olim
585 3959 804 4024 noscerentur,
823 3949 857 4012 id
874 3951 1014 4012 naturale
1033 3952 1066 4024 ⁰)
1086 3949 1228 4025 videbas,

213 4071 298 4115 nunc
315 4069 386 4113 cum
409 4049 584 4123 intereunt,
617 4067 684 4109 non
703 4048 830 4130 ignores
846 4050 976 4132 quidem
994 4060 1105 4111 natura
1125 4050 1173 4125 ⁶⁵²)
1196 4058 1230 4109 et

213 4152 316 4232 ipsum
333 4150 365 4212 id
383 4170 469 4222 esse,
489 4149 546 4210 sed
562 4146 688 4222 nescio,
719 4150 882 4230 quomodo
904 4160 993 4212 extra
1011 4159 1042 4210 te
1060 4158 1227 4231 evagamus,

213 4272 351 4334 quorum
370 4248 505 4313 maxime
524 4245 640 4323 debes,
661 4266 728 4309 non
744 4266 928 4312 memores.
966 4250 1090 4312 Ausum
1107 4249 1227 4327 dicere,

247 4461 278 4533 ⁴)
297 4471 356 4516 nach
374 4468 479 4517 naturale
498 4472 592 4526 cuidem
612 4468 828 4527 durchgestriehen.
865 4462 912 4534 ¹⁹⁴)
931 4478 1032 4520 notura.
1050 4470 1166 4522 naturale.
1188 4538 1191 4543 ν
