2624 5108
373 72 490 252 Ι
612 137 613 149 i

532 796 636 873 Exul·
1023 798 1093 874 tet

68 993 136 1058 sive
150 994 246 1055 toti'ns
264 1001 395 1069 currus,
418 1001 459 1056 tre
477 989 626 1074 cuiqnam
643 1003 727 1054 esset
744 991 902 1075 integrum
920 991 977 1055 tibi
992 991 1097 1056 amois

68 1095 245 1158 rescribam
264 1093 372 1156 literis,
421 1091 537 1174 Ajebat
557 1091 641 1154 enim
659 1093 749 1154 nefas
769 1113 839 1154 esse
865 1092 1097 1170 franciscana,

67 1196 136 1257 sive
158 1193 254 1275 patri,
284 1193 352 1255 sive
371 1192 481 1268 lrstrl,
512 1192 704 1268 noviciano,
733 1196 784 1255 rel
802 1195 952 1269 lollardo‚
984 1204 1097 1258 aarum

69 1305 252 1357 attrectare:
268 1293 311 1356 nil
329 1294 473 1356 obstante
488 1293 589 1367 bulla,
610 1312 705 1375 quam
721 1296 892 1367 Tacatua,
906 1293 1106 1367 Predicato·.

69 1414 141 1457 rum
150 1384 326 1470 semideus,
341 1410 444 1474 nuper
455 1394 564 1457 Rome
574 1391 720 1455 omnihus
730 1381 988 1458 Meridicanlibnr
999 1396 1099 1475 impe·

68 1496 179 1569 travit,
198 1505 261 1577 qua
277 1496 309 1557 in
326 1506 490 1574 posterum
512 1491 585 1557 licei
605 1514 672 1555 non
692 1502 804 1555 aurum
826 1505 965 1570 tanturn,
985 1516 1099 1560 verum

17 1578 22 1584 ⁸
70 1596 165 1658 ctiam
187 1613 291 1662 ornae.
305 1586 501 1657 foemininum
520 1609 639 1678 genua,
663 1593 731 1656 sive
748 1593 873 1675 prinus,
895 1595 964 1657 sive
986 1615 1100 1659 secun·

70 1698 137 1772 dm,
157 1685 273 1771 tertia,
290 1707 409 1778 quarta
420 1699 472 1759 vel
487 1694 603 1779 quinta
615 1694 833 1758 declinationis
850 1697 1099 1781 quoquomodo

72 1796 233 1872 habuerit,
267 1798 361 1860 etiam
393 1797 426 1859 in
449 1816 577 1859 scamno
602 1795 746 1859 neutrius
772 1796 898 1879 generis
921 1809 1099 1863 arnectare.

73 1892 147 1980 Quo
175 1897 305 1973 andito,
338 1896 513 1978 Imperator
539 1907 679 1960 summus
699 1895 869 1972 Pontifex,
900 1900 1100 1979 provinciam

70 1994 266 2061 rescribendi
286 2005 347 2061 tna
370 1996 595 2061 Alveldialitati
617 1996 692 2060 mihi
711 1997 888 2079 delegavit,
917 2011 1014 2085 atque
1032 2003 1099 2081 ple·

71 2098 191 2173 nariam
209 2109 411 2181 potestatem,
440 2109 588 2181 tanquam
607 2099 732 2182 Legsto
749 2121 770 2162 a
789 2102 906 2173 latare,
935 2100 1100 2164 ueletiam

70 2214 89 2262 a
115 2190 234 2281 capite,
268 2198 433 2261 commisii,
476 2200 550 2280 Ego
578 2198 683 2262 atatem
715 2221 814 2284 qurum
839 2200 873 2262 in
905 2199 990 2263 caelis
1019 2212 1099 2262 atra·

70 2311 210 2362 tuenurm
228 2317 293 2361 nou
307 2298 475 2374 haberem,
496 2315 556 2362 uec
570 2319 650 2362 auro
670 2296 728 2362 tibi
745 2298 921 2363 rescribere
936 2299 985 2363 las
1002 2307 1099 2378 esset,

71 2399 104 2461 in
131 2397 314 2462 Paradisum
342 2398 479 2474 desolo,
520 2397 576 2460 ubi
609 2399 696 2463 forte
723 2394 855 2462 fortuna
879 2406 994 2462 Enoch
1021 2401 1099 2464 dor·

70 2497 220 2563 mientem
238 2489 360 2581 reperi,
381 2496 433 2561 cni
452 2510 657 2562 atramentum
678 2499 867 2575 suffuratus,
888 2499 1014 2563 tandem
1033 2502 1099 2563 luec

70 2612 130 2663 tuac
150 2599 372 2664 Alveldiatitati
391 2600 618 2682 rescripsimus,
656 2601 840 2663 Recordare
855 2601 999 2675 Alveldi,
1019 2601 1100 2685 quid

71 2702 127 2762 tibi
147 2713 179 2761 et
201 2702 346 2763 omnibus
363 2699 554 2764 Romanistis
573 2698 742 2774 acciderit,
763 2711 795 2761 et
814 2700 939 2782 respice
957 2702 1099 2784 opprob-

69 2803 152 2864 rium
178 2815 277 2864 urum.
318 2800 419 2877 Vide,
437 2801 603 2884 quomodo
618 2820 765 2880 sponsam
777 2799 912 2874 Christi,
933 2802 1099 2865 ecclesiam

71 2912 268 2973 sanctorum,
302 2903 448 2966 omuibus
472 2899 759 2966 abominationibus
784 2914 818 2963 et
841 2901 1032 2966 confusione
1050 2905 1099 2967 in·

71 3002 204 3075 duistis,
244 3004 353 3066 sedem
386 3001 590 3084 apostolicam
624 3002 658 3065 in
694 3003 837 3066 omniurn
867 3000 1100 3086 turpiurdinum

72 3100 301 3165 effrontissimis
322 3103 574 3180 adulationibus,
603 3105 694 3184 plane
714 3093 927 3186 Pythagorica
947 3105 1100 3169 traruani·

72 3199 211 3262 motione
232 3202 480 3283 transfiguratis,
501 3203 633 3283 perinde
653 3213 688 3265 ut
706 3203 759 3265 ille
779 3222 820 3264 ex
841 3213 981 3266 [tornare
998 3210 1100 3266 Alcen

71 3301 292 3375 meretricem,
323 3301 369 3363 alc
389 3322 448 3365 vas
469 3324 511 3365 ex
531 3303 651 3368 Christi
674 3316 792 3387 'sponsa
817 3314 969 3382 scotuna
985 3322 1099 3382 apoca-

72 3397 221 3482 lypticum
240 3399 371 3463 lecistis.
410 3403 469 3462 Vra
489 3404 598 3480 vobis,
618 3405 726 3489 quiin
745 3400 1100 3487 simplicissimumaaeri

71 3502 239 3584 Evangelii
270 3500 503 3584 praescriptum,
535 3502 697 3566 hominurn
717 3505 924 3579 traditiones,
959 3506 1098 3582 decreta,

70 3601 307 3676 distinctiones,
327 3601 542 3666 Aristotelicas
563 3604 732 3679 chimeras,
754 3604 963 3667 'l'homisticas
984 3624 1099 3667 cnem-

71 3702 168 3776 bitas,
190 3703 368 3766 Scotisticas
389 3702 554 3779 tenebras,
583 3702 743 3765 occistians
763 3704 873 3776 cistas,
896 3704 1097 3788 quadrangu-

70 3803 144 3868 laris
166 3815 197 3864 et
225 3802 295 3884 ejus
322 3824 428 3865 massas
452 3803 536 3865 mille
560 3802 618 3865 alia
643 3811 789 3881 portenta
814 3801 1037 3868 introducitis:
1065 3815 1098 3866 et

72 3904 172 3965 veluti
201 3904 290 3983 proci
313 3906 489 3987 Penelopes
517 3913 549 3964 et
576 3902 750 3965 nebulones
770 3899 961 3982 turpissimi,
1004 3902 1097 3965 Chri·

71 4003 202 4067 stianam
222 4005 403 4080 ueritatem,
423 4004 536 4068 summi
556 4002 642 4086 regis
662 4021 828 4083 sponsam,
849 4000 1000 4083 polluitis,
1038 4003 1097 4064 Va

72 4104 164 4166 robis
180 4105 313 4166 falsariis
329 4106 476 4185 perfidis,
497 4105 553 4188 qui
568 4104 689 4167 ‹livirras
705 4122 800 4166 sacras
816 4099 977 4182 scripturae
992 4103 1096 4168 literas

70 4203 348 4266 constitutionibus
366 4205 557 4268 Jnristarum
583 4217 615 4266 et
639 4203 769 4266 somniis
788 4203 1023 4267 ll‘lonachornm
1043 4206 1098 4266 ad·

71 4300 228 4379 ulteratis,
255 4304 407 4368 iacientes
431 4316 570 4367 monstra
588 4304 734 4367 inusitata
754 4304 794 4365 atl
813 4315 969 4368 extremas
989 4309 1097 4369 Aluci-

71 4403 240 4466 diarrorum
268 4405 385 4470 insudas
405 4404 610 4489 deportanda·
663 4405 720 4466 Va
747 4404 861 4480 vobis,
896 4405 954 4486 qui
979 4429 1095 4487 uupcr,
