2624 5108
143 883 209 955 tos
375 879 418 953 Iu
441 874 627 951 Ulrichum
649 873 899 973 Wirtcnberg.

140 1082 172 1137 et
191 1074 223 1134 in
243 1071 357 1147 oeulis,
389 1090 426 1133 ac
451 1068 578 1133 nuribus
604 1065 781 1141 hominum,
811 1074 847 1127 ut
869 1060 1057 1144 probatione
1080 1078 1150 1123 non

139 1172 315 1255 indigeant,
334 1182 397 1233 um
408 1169 506 1251 ipsius
520 1167 666 1251 proprie,
688 1176 724 1229 ut
734 1184 807 1229 cum
821 1162 936 1227 nudius
949 1159 1151 1245 improbitate

141 1272 238 1336 mixte
262 1272 339 1346 sint3
382 1266 475 1349 cujus
497 1266 656 1333 meleficiis
681 1265 801 1329 nulium
830 1275 894 1327 tem
924 1262 1073 1325 acerbum
1103 1271 1152 1324 est

141 1371 344 1453 supplicium,
372 1368 461 1454 quod
478 1387 545 1430 non
563 1367 732 1441 debeatur,
751 1364 816 1427 imo
836 1363 926 1447 quod
944 1361 1018 1429 saus
1036 1362 1093 1438 sit,
1123 1366 1157 1425 et

141 1472 198 1555 qui
218 1493 306 1535 suern
325 1471 446 1549 culpem
464 1486 571 1553 neque
583 1468 729 1531 deritere
748 1464 781 1527 in
800 1464 894 1527 elium
904 1473 1029 1545 potest,
1047 1482 1156 1546 neque

142 1592 215 1635 cum
241 1570 302 1631 elio
331 1558 529 1631 commundbt
555 1565 661 1630 bebet'
714 1565 811 1647 Quod
834 1584 898 1648 ego
916 1563 964 1628 sic
989 1562 1156 1640 existimo,

144 1667 309 1744 Germani,
338 1686 413 1738 eos,
449 1665 507 1750 qui
531 1665 659 1747 pessimi
685 1664 841 1749 cujusque
868 1664 965 1728 vitem
984 1684 1023 1728 ec
1049 1684 1158 1727 mores

141 1767 301 1831 literarum
325 1764 534 1831 monumentis
560 1776 803 1848 perpetuarent,
832 1764 910 1827 odio
929 1766 978 1843 (ut
999 1782 1056 1844 por
1073 1764 1157 1835 eret)

143 1868 298 1931 scelerum
315 1866 545 1942 idstuduissc,
565 1887 633 1951 quo
653 1885 694 1927 ne
710 1863 828 1948 aliquid
843 1864 1043 1927 inexcutstmt
1061 1862 1158 1925 reiin-

146 1978 298 2052 querent,
320 1967 363 2029 ob
374 1966 473 2050 idque
485 1965 660 2055 reqverbis
676 1964 819 2039 auxisse,
841 1984 877 2026 ec
888 1984 970 2044 sepe
981 1963 1016 2027 in
1026 1962 1157 2027 minimo

143 2066 251 2149 atiquo
264 2065 463 2148 'l'regoediem
474 2054 629 2141 mo'v'tsse,
646 2084 756 2128 omnes
772 2066 906 2147 angulos
916 2062 1159 2146 pervestigsssc,

142 2168 184 2231 sd
204 2186 331 2229 omnem
350 2165 441 2228 facile
461 2163 674 2246 suspicionem
692 2163 902 2229 descendisse.
940 2162 1037 2245 Quod
1056 2162 1157 2246 siquis

143 2266 245 2329 edbuc
269 2276 413 2347 repertus
441 2275 543 2340 esset,
578 2264 789 2349 quiesquelio
807 2264 894 2329 istius
913 2262 1054 2328 ementire
1073 2282 1160 2326 com·

145 2363 298 2440 misisset,
338 2367 458 2448 (neque
487 2364 571 2426 enim
599 2376 760 2445 repertum
789 2367 841 2427 vei
871 2362 987 2439 iniis,
1022 2384 1160 2447 quorum

144 2465 295 2529 immensa
321 2463 382 2526 tuit
409 2462 593 2538 crudelitas,
630 2464 687 2547 qui
717 2465 757 2525 ed
780 2485 936 2528 summum
960 2462 1160 2527 immunitatis

144 2566 279 2645 gradum
292 2565 561 2638 conscenderunt,
582 2563 686 2646 quiin
704 2585 776 2626 erce
793 2565 912 2629 furoris
930 2585 967 2627 ec
977 2563 1161 2643 pestilentie

145 2665 392 2746 praesederunt)
421 2661 520 2746 siquis
540 2674 644 2724 temen
664 2675 808 2745 repertus
826 2674 926 2737 esset,
956 2672 1109 2745 quantum
1128 2662 1162 2723 in

146 2778 188 2825 eo
207 2763 416 2827 describendo
440 2762 616 2836 literarum,
649 2774 800 2846 quenunu
823 2778 1011 2847 magnorum
1028 2762 1164 2825 volumi·

145 2882 223 2926 num
238 2860 410 2924 edidissent
427 2859 566 2940 preclari
584 2862 737 2923 autores?
764 2862 821 2946 qui
839 2884 906 2925 non
918 2864 1072 2938 Annales,
1092 2883 1162 2946 quse

147 2978 214 3024 uon
239 2958 392 3032 historie,
424 2960 463 3021 ad
491 2976 689 3042 quecunque
715 2963 793 3024 mele
812 2961 1008 3043 ejuscemodi
1028 2960 1162 3027 hominis

149 3058 479 3121 commemorationem
504 3060 685 3122 flexissent?
731 3063 837 3141 Quare
872 3084 939 3124 non
974 3082 1090 3125 recuso
1123 3060 1165 3123 ite

149 3159 251 3221 audiri
269 3181 288 3222 e
306 3157 416 3234 vobis,
437 3172 473 3221 ut
489 3160 517 3220 si
535 3160 683 3243 cuiquam
700 3161 758 3224 iste
778 3162 936 3243 pepercit,
957 3174 1011 3224 aut
1029 3163 1056 3225 si
1075 3161 1165 3246 quod

148 3261 249 3323 secius
270 3270 332 3336 est,
370 3262 460 3342 quod
489 3270 543 3323 eut
565 3280 632 3321 non
647 3261 803 3340 suscepit,
836 3274 889 3323 eut
908 3284 974 3324 non
993 3262 1163 3345 aliquando

147 3360 312 3424 meditatus
348 3359 490 3435 videtur,
542 3358 616 3420 nihii
652 3381 670 3422 e
704 3360 796 3424 vobis
832 3360 1014 3442 impetrem,
1061 3361 1169 3425 omnic

147 3461 265 3525 [rustes
289 3471 421 3521 conatus
447 3458 515 3521 sirn.
554 3460 667 3543 Neque
694 3482 732 3522 ee
755 3472 828 3524 sunt
854 3459 945 3522 istius
962 3462 1099 3537 sceiere,
1131 3472 1169 3523 ut

145 3560 222 3621 dum
251 3579 349 3621 unum
378 3558 468 3635 dico,
504 3559 546 3621 de
571 3558 702 3643 reliquis
731 3558 946 3642 conjecturem
972 3581 1034 3622 vos
1059 3560 1168 3625 fecere

146 3655 283 3737 jubeam.
334 3658 448 3722 Omnis
482 3679 552 3742 que
588 3658 623 3722 iu
651 3658 863 3740 suspicionem
891 3659 1020 3723 humani
1053 3681 1168 3724 sensus

147 3754 258 3819 venire
276 3769 425 3838 possunt,
445 3758 504 3822 iste
523 3758 692 3843 aliquando
709 3760 868 3834 sutfecit,
889 3771 943 3822 eut
959 3771 1089 3823 conetm
1109 3772 1169 3823 est.

148 3858 256 3938 Quare
266 3856 342 3919 nihii
351 3855 516 3939 conjicite!
536 3859 662 3923 Nudam
671 3857 885 3939 suspicionem
896 3859 1025 3923 trahite!
1056 3859 1170 3924 Omnia

147 3955 244 4019 dubis
263 3957 433 4037 preteritc!
475 3959 565 4020 Vere
594 3969 684 4034 suut,
721 3957 902 4035 manifeste,
940 3959 974 4021 in
1001 3958 1101 4023 oculis
1134 3979 1171 4021 ec

147 4054 278 4121 auribus
299 4057 612 4138 ominumreposits,
636 4079 712 4145 'qim
730 4073 856 4121 accuso.
894 4061 943 4122 Ea
962 4058 997 4121 in
1014 4059 1170 4139 judicium

147 4155 277 4240 ponite!
313 4156 371 4219 His
391 4157 583 4219 lineamentis
603 4155 761 4221 homiuem
779 4158 967 4234 describite3
988 4180 1170 4243 quenquam

148 4278 218 4340 que
237 4257 270 4319 iu
290 4255 357 4318 eliis
377 4256 535 4336 peccavit,
568 4257 606 4318 ed
635 4278 688 4320 rne
708 4257 784 4320 nihil
809 4259 978 4338 pertinent.
1017 4263 1170 4341 Quaedem

148 4354 251 4418 obiter
274 4367 578 4433 commemorentur,
610 4368 646 4420 ut
670 4378 761 4423 cesus
781 4360 894 4444 aliquis
912 4361 1072 4423 memorie
1093 4383 1169 4445 sug·

150 4455 265 4534 gessit,
284 4456 329 4518 sic
341 4466 443 4516 tamen
458 4467 495 4518 ut
511 4470 818 4536 commemorentur,
838 4445 905 4523 non
916 4471 950 4522 ut
961 4460 1171 4526 accusationis
