2860 4732
530 464 738 564 Capnionie.

126 665 174 720 Ad
194 667 304 722 Christi
323 675 444 722 traxere
464 664 574 732 fidem,
597 663 758 735 praestabat
774 664 803 718 in
822 665 871 722 llla

125 759 285 830 Religione
304 762 402 828 mori,
421 771 450 814 et
468 774 524 831 pro
542 759 629 814 lactis
647 759 768 813 solvere
784 775 904 829 poenaa,

126 854 228 929 Quam
247 855 360 908 bellum
383 867 418 907 ae
439 855 533 908 {tedas
550 851 714 908 nobiscum
732 855 898 908 accendere
917 854 998 911 lites.

52 1005 55 1016 Α
122 947 241 1004 Nescio
262 965 326 1020 qun
345 948 471 1003 stolidus
490 956 661 1003 commenta
680 947 793 1002 edenda
809 959 944 1018 pararat,

125 1043 215 1098 Certe
236 1045 348 1114 aliquas
366 1059 477 1112 nugae,
499 1043 601 1113 patriae
619 1049 737 1102 secreta
755 1040 867 1096 relictae

123 1137 214 1191 Sacra
234 1136 427 1205 recludebat,
446 1135 633 1206 Judaaosque
653 1135 719 1203 igne
740 1135 922 1192 cremandos

123 1232 250 1286 Censuit
268 1247 335 1287 ease
355 1231 469 1298 libros,
488 1228 744 1300 passimque'haac
763 1230 838 1283 edita
852 1230 944 1298 jussit
1041 1249 1043 1254 ·

122 1323 201 1380 Esse
220 1326 338 1396 palam,
358 1324 533 1395 populoque
551 1321 626 1390 legi,
641 1321 766 1393 jamque
785 1322 814 1376 id
833 1324 901 1378 fore
920 1339 1062 1394 magnum

123 1419 319 1487 Crediderat,
337 1433 492 1489 nugasque
511 1433 580 1471 suas
599 1416 739 1470 laudabat
756 1416 885 1487 ineptus.
1000 1466 1004 1474 .

123 1512 206 1568 Tum
225 1513 296 1567 dare
315 1512 477 1566 consilium
494 1511 609 1566 nostris
628 1509 816 1578 magnatibus
835 1523 943 1579 ausus,

122 1606 226 1662 Bellus
244 1607 361 1673 homo,
379 1602 520 1674 gravibus
540 1619 663 1657 causam
683 1604 720 1657 de
739 1602 832 1658 rebus
849 1605 964 1673 agebat.

122 1699 237 1754 Contra
256 1700 364 1772 aliquid
382 1707 486 1753 noster
503 1699 583 1751 lacto
603 1698 760 1752 consultus
779 1698 888 1752 eodem

122 1791 308 1864 Scripserat,
327 1793 462 1860 ignarus,
482 1792 551 1861 quid
571 1791 783 1862 proposuisset
802 1793 918 1863 Apella.

121 1885 236 1957 Arripit
254 1885 305 1938 hie
323 1899 445 1951 ansam,
463 1893 586 1938 ventum
606 1895 651 1938 est
671 1885 705 1939 ad
719 1885 834 1954 jurgia,
857 1886 953 1940 movit

120 1979 269 2046 Magnum
288 1977 419 2031 animum
438 1977 694 2045 urdenatione,
712 1979 813 2032 scelus
833 1992 925 2032 omne
943 1961 1073 2049 refellit,

120 2069 160 2125 Et
178 2087 235 2142 pro
255 2087 288 2124 se
308 2071 378 2124 dicit
396 2070 553 2140 Capnion,
573 2072 742 2142 iterumque
762 2071 910 2126 rebellem

8 2161 11 2174 '
119 2161 159 2218 Et
178 2163 319 2234 quiddam
338 2163 463 2218 sceleris
484 2163 642 2232 molitum,
662 2164 816 2233 insigniter
835 2163 896 2218 acri

120 2259 237 2328 Irnpete
256 2271 439 2325 congressus
460 2257 573 2311 fundit:
595 2256 710 2311 vidistis
730 2265 871 2326 euntem,

120 2351 233 2408 Fronte
251 2350 358 2404 humili
378 2349 479 2418 cives,
500 2349 622 2404 audistis
640 2351 808 2405 humillima
825 2349 920 2407 verba

122 2445 252 2500 Ridiculi
273 2444 398 2513 eapitis,
416 2451 449 2498 ut
467 2444 517 2514 qui
535 2443 576 2496 nil
595 2443 699 2498 Marte
716 2443 848 2511 valeret,

123 2539 236 2594 Fraude
255 2552 334 2594 nova
352 2547 487 2609 peteret,
510 2535 643 2592 demisso
664 2535 704 2590 ibi
721 2533 854 2609 perfidus
872 2553 947 2606 ore,

120 2631 272 2700 Pallidus,
292 2631 448 2699 informia,
466 2631 655 2701 (quanquam
674 2638 719 2686 est
736 2629 799 2686 hoc
816 2631 955 2702 semper)
973 2643 1003 2689 et
1021 2640 1098 2689 atra·

118 2723 241 2782 Flebilis
260 2723 289 2778 in
307 2723 425 2792 tunica,
443 2723 614 2778 monachos
633 2723 709 2792 adit,
727 2721 807 2780 haud
826 2726 865 2780 ita
884 2725 954 2781 iacti

119 2818 246 2888 Ignaros
257 2859 266 2887 ,
285 2825 318 2870 ut
335 2817 441 2888 Apella
459 2816 531 2871 dolo
551 2817 725 2887 praetendit,
746 2826 779 2872 ut
798 2817 855 2890 ipsi

118 2912 187 2967 lloc
205 2910 357 2967 simulant.
395 2909 486 2964 'Iunc
505 2909 580 2964 talea
598 2921 704 2966 movet
721 2912 877 2968 miseratio
894 2913 1023 2984 tratrem
1140 2909 1145 2917 '

119 3004 272 3061 Continuo
293 3012 321 3057 et
336 3001 454 3057 bellum
477 3002 626 3074 Capnioni
644 3005 728 3060 triatc
745 3007 918 3077 minantur,

117 3098 184 3154 Nisi
204 3115 270 3170 quae
290 3097 441 3162 ediderat,
469 3095 609 3167 damnet,
628 3099 818 3172 verbumque
837 3109 998 3171 retractet,

116 3189 194 3246 Esse
213 3190 323 3262 aliquid
343 3191 491 3260 scripturn
510 3191 695 3258 damnabile,
716 3207 810 3266 aeque
828 3196 963 3266 peritos,

118 3281 195 3338 lline
214 3284 281 3339 inde
301 3291 439 3354 arreptos
459 3283 543 3337 varie
561 3285 730 3339 distendere
748 3301 875 3354 aeneus,

117 3375 159 3434 Et
174 3387 346 3432 monstrare
364 3377 473 3444 nesae,
492 3391 644 3449 quemque
666 3376 848 3445 ignoraverit
866 3379 930 3449 ipse

117 3467 230 3526 Eluere
248 3484 407 3539 errorem,
425 3470 512 3527 solos
530 3485 564 3525 se
582 3485 708 3524 eernere
727 3485 856 3537 verram,

118 3563 212 3633 ldque
231 3563 268 3617 ab
290 3579 323 3619 se
344 3563 449 3636 quaeri.
485 3563 585 3633 Negat
603 3563 651 3617 ille
671 3575 807 3629 errasse,
832 3569 953 3633 paratur

117 3654 293 3721 «Iudicium,
313 3667 433 3712 accusat
454 3657 642 3728 Capnionem
662 3665 692 3710 et
705 3655 820 3726 judicat
838 3654 916 3708 idern

116 3751 198 3803 Acer
215 3749 433 3816 llogostratua,
452 3751 572 3820 seriptis
592 3765 715 3821 quoque
735 3747 842 3802 laedere
862 3753 1017 3818 quaerunt,

116 3841 258 3896 Allexere
278 3841 374 3896 Ubios
394 3843 520 3896 fratrum
540 3842 575 3896 ad
596 3857 628 3897 ee
648 3851 745 3911 coepta
765 3841 935 3912 Sophistas‚

116 3932 180 3987 Una
199 3949 307 3987 ornnes
326 3949 438 4001 ruere,
457 3944 486 3986 et
505 3950 633 4004 pugnam
652 3936 783 3988 miscere
800 3933 915 4005 parati,

115 4024 247 4080 Pallidus
267 4023 431 4096 imprimis,
450 4035 481 4079 et
499 4027 592 4081 olenti
611 4028 772 4095 Tungarua
790 4043 857 4082 ore.

117 4119 203 4172 Ultro
222 4117 328 4174 scribit
347 4133 443 4190 opus,
465 4117 513 4172 eui
533 4118 682 4190 putidiore
702 4119 844 4174 llrlinerva
