2624 5108
1016 404 1216 461 ,ξε

139 843 208 909 200
514 820 765 905 Philotimus.

139 1027 203 1088 itur
217 1018 396 1104 planitiem,
413 1030 480 1081 tum
496 1016 610 1083 itennn
626 1036 719 1079 mons
734 1026 797 1090 est,
818 1027 848 1078 et
864 1015 995 1096 abrupta
1009 1012 1151 1096 quaedam

142 1121 224 1189 saxis
254 1119 522 1203 prominentibus,
566 1116 651 1181 unde
686 1116 727 1179 ad
755 1115 916 1199 quoddam
948 1115 1153 1176 ‹lescendittu

142 1243 273 1296 cavum,
292 1220 348 1283 ubi
362 1221 459 1300 longo
475 1238 620 1292 recenau,
640 1236 702 1279 una
720 1236 828 1279 omnes
844 1215 982 1278 habitant
998 1215 1153 1293 Tyranni.

143 1321 348 1385 confecimus
366 1315 504 1397 bociam
521 1315 592 1379 iter.
635 1318 677 1378 Et
690 1335 765 1378 ecce
780 1317 865 1383 illum
882 1316 940 1379 tibi
957 1329 1152 1388 consessum.

142 1424 213 1507 Age
234 1442 301 1485 rem
320 1431 420 1493 ntem,
440 1417 507 1500 ipse
527 1418 567 1479 sul
584 1414 640 1479 alia
658 1415 774 1479 mittor.

558 1526 746 1599 tyrann.

220 1619 288 1682 Nee
306 1638 356 1683 me
374 1616 529 1683 reduces?

559 1725 607 1783 M
611 1742 746 1783 aucun.

219 1819 271 1885 Ad
290 1829 413 1900 tempus
433 1816 543 1887 adero.

478 1990 483 1998 ,
562 1926 593 1983 Τ
598 1941 747 2001 yrann.

220 2019 311 2081 Salve
330 2016 477 2099 magister
495 2004 653 2083 Phalaris!

553 2124 699 2185 «Phala
707 2142 735 2180 r.

217 2218 264 2283 Et
291 2209 326 2278 tu
358 2218 443 2278 salve
480 2215 634 2297 discipule
662 2215 785 2287 Sueve,
834 2216 1013 2301 iterumque
1049 2216 1156 2279 salve!

148 2321 250 2397 Quam
270 2330 302 2379 te
322 2319 408 2380 laetus
427 2315 533 2381 video.
571 2314 734 2381 Adesdnm
754 2314 866 2380 (lolitin
882 2338 977 2393 mese,
1007 2318 1068 2379 luie
1082 2316 1158 2379 ades

146 2419 296 2484 dilectum
312 2427 415 2500 caput.

557 2526 747 2598 Tyranni.

223 2621 341 2685 Sedulo
359 2630 394 2682 ut
413 2619 579 2694 monuisti,
601 2620 742 2702 quaedum
760 2627 911 2680 executus
928 2635 1007 2677 sum.

224 2714 228 2720 ’
565 2727 741 2785 poetar.

224 2821 328 2899 Quem
347 2816 381 2879 in
398 2818 550 2882 modum?
573 2820 665 2900 Ago!

557 2926 744 2997 Tyranm

224 3010 371 3078 Nobilem
380 3013 543 3095 juvenem,
561 3037 666 3079 meum
677 3016 839 3095 comitem,
857 3035 930 3079 eum
941 3012 1011 3096 ejus
1025 3034 1160 3077 uxorem

149 3115 286 3194 puellum
315 3128 479 3181 venustam
506 3114 701 3198 deperirent,
734 3114 932 3179 obtnmeavi.
981 3117 1096 3196 Neque
1128 3113 1162 3175 in

150 3224 288 3292 tantum,
321 3216 379 3279 sed
401 3216 664 3299 quemadmodum
689 3239 732 3279 ex
757 3227 814 3279 tuo
837 3215 979 3280 instituto
998 3235 1068 3277 esse
1092 3234 1162 3276 sum

149 3315 333 3393 arbitratus,
363 3337 436 3379 num
459 3316 499 3377 ad
524 3315 651 3382 solitum
670 3315 757 3396 priua
780 3316 968 3399 obsequium
987 3334 1161 3377 vocassem.

150 3418 259 3497 Atque
277 3415 321 3477 ita
344 3415 375 3488 *)
399 3434 457 3493 per
482 3413 618 3492 speciem
635 3413 833 3497 benignitatis
851 3415 997 3488 adonme,
1030 3412 1162 3476 amicum

151 3513 259 3594 etqui
288 3511 362 3574 mihi
383 3513 577 3576 fidelissimus
601 3535 723 3596 semper
747 3514 875 3588 fuisset,
905 3525 936 3575 et
961 3513 1074 3575 deme
1096 3509 1162 3594 pul·

153 3614 227 3673 chre
250 3612 299 3686 *Ἴ
324 3611 483 3688 meritum,
513 3614 700 3696 optimaeque
730 3615 797 3688 sss)
827 3614 912 3695 sputi
941 3632 1051 3675 omnes
1079 3610 1163 3691 spei,

152 3711 332 3794 peremnia
357 3711 537 3795 egregium,
570 3712 661 3792 eujus
680 3715 773 3793 paulo
791 3725 863 3776 ante
889 3722 996 3795 peter,
1030 3712 1165 3773 maximi

153 3811 186 3874 in
203 3832 270 3885 me,
300 3823 332 3874 et
350 3813 524 3876 necessaria
541 3814 694 3877 beneficia
711 3815 896 3895 contulerat.
942 3816 984 3875 Et
1002 3811 1029 3872 si
1049 3831 1087 3873 ea
1104 3811 1165 3871 lnic

152 3910 238 3976 lama
256 3914 418 3994 pervenit,
442 3914 565 3977 Pbalani
583 3912 747 3995 magister!
774 3911 844 3991 ejus
867 3911 929 3974 luit
946 3911 1042 3978 lilius,
1071 3906 1165 3990 eujus

154 4032 233 4095 ope.
253 4023 285 4074 et
301 4033 470 4087 suoeurnn,
491 4013 713 4078 rebellantibus
729 4009 791 4094 jam
808 4012 932 4096 pridem
948 4010 1166 4096 popularibus,

153 4112 187 4174 in
202 4131 304 4196 tegno
325 4125 529 4180 conservanto
548 4134 628 4179 aum.

154 4253 346 4273 m

191 4336 218 4405 ³)
235 4348 315 4407 Atque
338 4350 394 4406 tta,
424 4351 501 4407 atqu.
548 4339 731 4412 '*)ss1atre,
767 4316 865 4410 optime·
913 4340 978 4411 m)
1003 4352 1163 4412 opemque,

191 4437 291 4494 optime.
