2624 5108
531 783 588 869 -in
612 786 643 859 T
645 810 762 863 urcas.
1090 785 1163 865 dle
1187 742 1190 748 ¹

155 998 279 1043 carnem
303 976 409 1059 agitis,
438 973 562 1039 interim
586 977 628 1039 de
652 978 723 1043 aliis
744 978 825 1041 hene
847 974 1024 1045 meremini.
1067 976 1164 1043 Certe

154 1082 239 1143 eninr
265 1101 354 1145 stram
376 1077 468 1139 robis
491 1078 619 1140 salutern
642 1079 849 1143 communiter
871 1092 1028 1162 acceptam
1054 1101 1164 1143 ornnes

153 1181 304 1243 referent.
346 1182 412 1241 l'os
426 1190 591 1251 strenuos,
610 1199 669 1243 vos
684 1179 801 1256 fortes,
819 1200 878 1243 vos
895 1181 982 1263 pios,
1002 1176 1062 1243 vos'
1076 1172 1164 1245 orbis

155 1278 325 1349 Christiani
354 1278 540 1343 liberatores
573 1279 795 1361 praedicabunt.
855 1282 926 1363 Qua
947 1281 1059 1365 -gloria
1086 1280 1165 1364 quin

153 1390 342 1462 potestesse
359 1378 628 1462 magnificentius?
647 1378 725 1462 quid
737 1379 951 1463 splendidius?
973 1392 1068 1465 atque
1083 1382 1166 1457 adeo

154 1502 234 1565 qusa-
250 1480 413 1545 honestior
436 1478 527 1541 laus?
566 1502 637 1563 quse*
653 1480 791 1545 nobilior
815 1481 920 1545 luna?
951 1483 1040 1564 quod
1064 1478 1163 1547 decus

152 1579 308 1647 solidius?
344 1580 397 1643 Ad
414 1601 484 1663 que
502 1580 586 1642 bona
605 1581 810 1660 capemendn,
836 1602 910 1645 cunr
926 1582 1086 1647 adhortari
1104 1604 1164 1649 vos

146 1680 355 1756 instituerim,
386 1692 417 1744 et
440 1679 622 1760 hujusmodi
638 1680 746 1745 lutura
768 1680 946 1745 necessario
969 1682 1010 1746 sit
1028 1684 1092 1747 hac
1110 1683 1164 1745 ad·

151 1779 304 1856 henetio,
321 1792 438 1843 utnon
450 1781 526 1847 nihil
541 1780 623 1844 inse
639 1782 850 1847 mneritudin'rs
863 1782 1040 1859 contineat,
1056 1784 1165 1866 queso

152 1902 194 1943 ne
219 1880 294 1943 mihi
319 1891 503 1947 succensete
531 1880 707 1961 Principes.
757 1883 842 1947 'lum
868 1883 896 1945 si
925 1884 1040 1951 nullam
1064 1904 1166 1967 meam

152 1980 306 2061 privatam
332 2001 457 2045 censam
482 2001 561 2064 ago,
595 1979 710 2045 nullius
733 1982 867 2049 hominis
891 1983 1036 2049 lusorem
1059 1996 1164 2068 capto,

149 2082 179 2145 si
198 2102 303 2146 omme
321 2081 356 2145 in
372 2083 430 2146 hac
448 2082 592 2147 erutione
610 2093 704 2146 crunt
720 2082 912 2158 necessaria,
934 2083 1011 2147 nihil
1028 2080 1165 2177 odorum

151 2192 205 2246 aut
223 2183 384 2263 pendens,
401 2181 581 2265 deniquesi
597 2182 658 2263 ipsi
676 2185 854 2266 agnosceris
869 2182 948 2247 inihi
962 2200 1068 2247 meum
1088 2202 1166 2265 erge

149 2281 230 2346 banc
246 2283 377 2365 patriam
396 2282 549 2358 studium,
567 2302 668 2348 menn
685 2304 875 2367 propensum
892 2282 925 2349 in
942 2278 1166 2364 rempublicam

150 2383 337 2446 Germanum
353 2386 563 2459 voluntatem,
583 2384 631 2453 ias
644 2383 720 2449 mitri
738 2385 777 2447 sit
794 2384 828 2447 in
845 2380 983 2447 maximo
999 2382 1089 2464 qued
1102 2402 1163 2447 nos

147 2481 497 2568 circumstatpericulo,
515 2482 677 2547 insomnio
694 2483 781 2547 orbis
791 2480 960 2547 Cluistiani
973 2480 1164 2557 discrimine,

147 2581 266 2667 aliquid
284 2584 384 2648 libere
402 2583 487 2663 apud
505 2604 565 2649 vos
584 2586 689 2669 loqui,
710 2582 830 2669 aliquid
843 2606 903 2666 pro
919 2606 957 2649 re
974 2595 1008 2649 et
1022 2583 1053 2662 ⁰)
1071 2603 1165 2647 crura

148 2683 265 2746 dicere.
303 2686 385 2745 llam
406 2683 434 2745 si
459 2684 520 2745 tale
543 2684 702 2767 quidpiam
723 2696 809 2750 esset
830 2686 892 2749 hoc
912 2686 1001 2768 quod
1022 2704 1103 2768 ago,
1129 2695 1170 2747 ut-

146 2783 241 2848 unius
260 2782 336 2847 mihi
356 2784 476 2849 enimus
497 2786 746 2853 commovendus
772 2784 934 2871 dictione,
963 2785 1059 2850 unius
1078 2782 1165 2847 'exci-

147 2884 238 2945 tanda
263 2884 384 2947 desidie
406 2895 653 2967 proponeretur,
687 2881 763 2949 nihil
787 2902 981 2968 magnopere
1011 2878 1163 2971 sollicitus
1236 2934 1241 2943 .

147 3002 217 3044 esse
236 2985 366 3058 vellem,
385 2985 644 3068 quandoquidem
661 2986 741 3048 intre
758 2997 864 3050 certos
880 2984 991 3051 limites
1006 3005 1162 3061 versarem

146 3102 206 3142 nec
225 3083 401 3145 verendum
418 3084 599 3160 videretur,
630 3108 673 3149 ne
693 3085 849 3151 inlinitum
867 3097 952 3149 esset
977 3084 1163 3177 periculum.

148 3178 242 3241 Tunc
273 3180 394 3263 quippe
418 3203 500 3246 nnus
531 3183 666 3267 diquir,
705 3184 808 3249 sicubi
833 3186 1048 3270 offenderem,
1089 3186 1169 3253 mihi

146 3276 354 3357 irasceretur,
386 3292 422 3344 et
436 3303 625 3367 ,quenqrum
646 3285 732 3349 sorte
754 3305 911 3364 suminus,
943 3288 1040 3357 nono
1059 3299 1163 3355 tanuen

143 3378 345 3449 irasceretur.
393 3372 487 3447 Nunc
504 3385 674 3453 multorum
691 3389 742 3451 itu
761 3400 809 3453 est
827 3387 1014 3476 intllgnatio.
1057 3390 1162 3470 Quor·

145 3498 215 3544 rum
231 3482 322 3549 hec?
359 3482 443 3567 Quin
466 3483 632 3565 denuoi
653 3488 697 3549 itn
714 3500 808 3569 possa
827 3510 846 3551 a
865 3510 916 3553 me
935 3490 1016 3569 dici,
1043 3502 1163 3555 utnon

144 3582 275 3664 aliquod
292 3582 385 3647 robis
404 3585 494 3646 ulcus
506 3596 641 3666 tangam.
680 3590 732 3651 Ex
748 3610 888 3671 querum
904 3590 1028 3657 interim
1040 3592 1162 3673 nragni·

143 3682 254 3745 tudine
273 3682 349 3759 erit,
374 3686 595 3771 quatenusque
615 3689 677 3749 hoc
695 3688 858 3765 evenerit,
884 3690 964 3757 boni
980 3682 1159 3757 consulere.

143 3780 185 3845 Et
205 3803 275 3865 que
295 3796 399 3848 vestre
415 3796 463 3855 est
478 3784 661 3866 prudentia,
680 3787 840 3849 communi
854 3790 916 3851 hoe
931 3790 1037 3870 potius
1055 3791 1161 3855 dolori

142 3883 342 3962 coridonera,
370 3908 464 3972 quum
481 3906 558 3951 mete
577 3883 755 3951 adscribere
775 3887 951 3953 temeritati.
995 3892 1067 3972 Qua
1084 3910 1161 3951 con·

143 3993 235 4064 cepte
252 4004 326 4066 spe,
356 3987 566 4051 confidentius
594 3985 657 4067 jan
680 4007 755 4071 ego.
797 3988 861 4051 Sed
885 3988 965 4072 quid
990 3990 1052 4051 hoc
1076 3989 1159 4052 bello

143 4082 242 4165 quaeri
260 4087 376 4165 possit,
396 4108 576 4173 quanqum
593 4088 627 4151 id
643 4099 728 4173 esset
744 4108 894 4171 meginun
912 4088 1161 4179 incitamentum,

139 4194 176 4244 nt
195 4184 235 4249 ad
254 4205 342 4271 spem
362 4187 441 4252 lucri
459 4206 624 4264 vocarem,
645 4190 743 4258 nolim
761 4198 865 4261 minan
882 4191 945 4263 huc
962 4189 1165 4273 potissimum

142 4299 335 4332 Ἢ

175 4384 205 4455 Ἶ
221 4372 270 4459 ὀὶ,
286 4412 321 4448 ac.
