2624 5108
141 1374 310 1485 Ulrichus
326 1411 372 1485 de
388 1394 527 1486 Hutlcn
541 1413 665 1509 Eques
680 1411 851 1492 Michacli
867 1413 913 1487 de
930 1412 1151 1508 Sensheym,

432 1556 615 1630 Canonico
639 1561 674 1644 ⁴)
698 1559 863 1632 Salutem.
1060 1568 1065 1581 “

563 1771 725 1789 ἡ

143 1913 303 2009 Studiose
323 1942 413 2035 siunt
434 1941 619 2026 perquirere
638 1953 688 2018 te,
720 1942 798 2026 quid
824 1945 857 2007 in
875 1946 976 2010 literis·
996 1949 1057 2012 hoc
1077 1959 1154 2011 tern-

141 2069 223 2129 pore
252 2065 312 2127 pro
338 2046 555 2118 Francorum,
590 2055 626 2105 ut
652 2053 687 2104 tu
717 2043 782 2119 ais,
818 2047 918 2128 gloria
943 2047 1101 2111 elaborem
1124 2057 1156 2110 et

144 2147 273 2210 omnino
283 2146 361 2229 quid
372 2146 506 2209 scribam
516 2145 576 2220 Μ).
599 2140 752 2206 Profecto
768 2145 920 2209 nonnihil
934 2149 1080 2211 effectum
1098 2160 1156 2225 est,

145 2249 203 2308 scd
221 2259 334 2326 preter
352 2258 440 2308 tuam
457 2265 555 2325 spem.
592 2243 767 2319 Videlicet,
797 2246 883 2306 unde
908 2246 1034 2309 minime
1059 2246 1159 2327 possit

147 2347 230 2419 lure,
245 2357 385 2427 quantu
399 2356 519 2425 captas,
540 2343 668 2406 Francis
678 2342 778 2426 gloria
787 2348 937 2407 resultare
947 2346 1026 2421 m).
1044 2347 1158 2429 Neque
1205 2362 1207 2367 '

148 2464 213 2524 ego
238 2455 275 2504 ut
297 2447 453 2524 placerent
479 2465 548 2526 quaa
572 2442 682 2522 scripsi
707 2442 740 2504 id
765 2445 888 2517 studui,
927 2445 984 2505 sed
1009 2456 1161 2529 utquam

147 2544 275 2607 minime
293 2542 507 2624 displicerent,
533 2566 606 2606 cunr
624 2541 698 2625 quia
713 2542 800 2604 triste
822 2556 1042 2629 argumentum
1059 2558 1091 2609 et
1109 2567 1160 2609 res

146 2644 216 2706 talis
228 2642 319 2725 cujras
334 2645 588 2707 commemoratio
600 2642 693 2707 bonis
711 2642 855 2705 omnibus
874 2644 1086 2708 molestissima
1103 2659 1160 2726 est,

148 2754 218 2805 turn
234 2764 328 2820 vero,
349 2744 424 2827 quia
438 2744 578 2807 adhiberi
593 2763 669 2806 cura
684 2763 750 2805 non
763 2743 882 2823 potuit,
901 2764 937 2806 ac
948 2765 1031 2824 pene
1043 2756 1163 2812 tantum

151 2845 268 2907 calamo
292 2845 480 2925 permissum
499 2855 569 2920 est,¹
595 2855 745 2926 quantum
770 2843 918 2923 impetus,
950 2856 1070 2930 etque
1088 2859 1164 2912 tunc

147 2955 218 3008 erat
236 2944 330 3007 animi
343 2944 514 3007 commotio
531 2943 674 3027 ingessit.
704 2946 888 3026 Deploratio
906 2947 1005 3009 estin
1027 2949 1165 3014 occisum

150 3059 323 3112 Huttmum
340 3066 437 3109 versu
456 3044 604 3121 heroico,
624 3057 656 3107 et
667 3045 753 3120 ****)
774 3049 813 3108 ad
829 3058 1042 3113 Ludova'chum
1059 3070 1166 3115 senem

152 3147 378 3223 consolatoria,
402 3145 521 3221 ¹deinde
541 3146 574 3206 in
595 3145 768 3206 occisorem
791 3147 1063 3230 (quandoquidem
1083 3147 1167 3229 judi-

151 3246 240 3311 cium
261 3248 399 3328 paratur)
421 3245 588 3308 accusatio.
626 3248 701 3326 Quo
727 3245 884 3307 scribendi
910 3266 1045 3327 genere,
1078 3249 1167 3329 quod

151 3367 265 3410 omnes
284 3347 402 3424 sciunt,
427 3366 590 3430 nunquam
607 3364 657 3408 me
677 3346 807 3409 exercui
826 3347 932 3428 prius,
960 3365 1045 3409 nuuc
1064 3357 1168 3411 autem

192 3599 225 3668 ¹⁹)
242 3609 304 3655 nich
323 3609 443 3656 canonico
465 3609 495 3654 ist
513 3610 683 3664 aersuotenst
699 3608 859 3663 ausgetassen.
895 3602 943 3673 ll)
961 3612 1020 3659 nach
1042 3613 1170 3673 elaborem,

190 3699 220 3738 et
242 3698 339 3740 omuino
360 3694 541 3752 puluisculum
562 3679 705 3749 biigesetzt.
741 3684 798 3742 ⁴⁴⁴⁴>
814 3694 858 3740 Die
882 3708 958 3751 garze
972 3697 1064 3757 itelle:
1090 3698 1172 3755 Neque

191 3790 239 3836 cco
265 3781 289 3825 ol
311 3779 455 3839 placerent,
486 3790 536 3835 qun
559 3773 657 3833 scripsi,
691 3777 716 3821 ld
742 3778 839 3835 studui,
870 3780 913 3824 sed
938 3782 964 3826 ul
988 3793 1056 3838 qnam
1078 3781 1173 3828 minimo

189 3865 363 3922 displicerent,
388 3876 440 3910 cutn
462 3862 515 3922 quia
533 3863 600 3913 triste
619 3863 797 3917 argumentum,
826 3864 852 3907 et
871 3874 909 3907 res
928 3863 1000 3922 tatu,
1026 3866 1094 3917 curlus
1112 3878 1175 3912 conr.

191 3950 332 3997 memoratio
355 3949 423 3995 bonis
448 3948 553 3997 curtibus
577 3946 743 3994 molestissima
766 3949 819 4002 est,
844 3969 878 3979 -
904 3949 1098 4005 sucgestrlchen,
1127 3950 1174 3995 und

192 4038 299 4081 naxon
317 4047 362 4081 vor
383 4042 434 4079 eum
455 4046 514 4079 uero
529 4034 632 4088 gesetzt.
668 4033 712 4076 An
725 4031 806 4075 Rarrde
827 4031 884 4076 {lber
901 4031 953 4076 dem
971 4031 1051 4089 Titel,
1072 4033 1117 4076 und
1132 4044 1175 4077 zur

192 4119 301 4165 Rccbtaen
323 4119 409 4168 slehen
431 4117 538 4166 nelnere
555 4117 641 4162 Worte
650 4148 659 4173 ,
686 4116 723 4163 die
742 4117 798 4161 aher
816 4115 882 4163 nicht
899 4113 966 4162 recht
984 4115 1008 4160 iu
1026 4116 1176 4162 Znsammen

104 4214 108 4219 ·
194 4203 260 4259 lasus
276 4204 387 4258 gebracht
404 4203 501 4249 werden
519 4202 630 4258 hostien,
658 4200 780 4246 vtellelclrt
798 4201 843 4248 soll
862 4213 887 4249 es
905 4199 1014 4245 heliseo:
1045 4205 1176 4258 resultare,

193 4290 304 4335 studium
316 4291 377 4343 [uu.
413 4290 495 4351 Qum
513 4290 589 4333 etlam
606 4289 693 4344 ιάἰᾰι,
714 4296 743 4331 ur
760 4289 886 4339 acceperut
905 4297 936 4331 ea
954 4287 1012 4330 istic
1031 4287 1106 4340 sitis,
1124 4298 1177 4329 cum

192 4378 255 4434 qula
277 4376 333 4421 odio
356 4387 450 4421 summo
475 4380 512 4419 ess
534 4373 703 4423 injuscemodt
727 4378 946 4428 armamentorum,
973 4376 1025 4413 rum
1049 4382 1109 4415 vero
1131 4378 1178 4416 erc.

195 4447 270 4507 Μ’)
288 4456 416 4504 Zwlschen
433 4459 509 4502 et-
526 4456 555 4500 ad
572 4454 733 4500 Ludovichum
752 4458 858 4510 epistota
875 4445 1094 4510 durchgestriclren.
