2624 5108
328 810 551 907 intercessio
576 841 648 915 pro
676 820 881 918 Cepnione.
1045 834 1119 907 363
1209 782 1213 787 Ι

84 1006 199 1062 Ebrius
216 1006 365 1065 Ortninns
380 1002 571 1087 linith
589 1015 700 1084 procul
718 1031 734 1068 a
752 1016 846 1084 duce,
864 1034 976 1087 gnarus

155 1094 396 1165 Depuguaturus
416 1086 580 1157 nac-itere
599 1097 694 1154 riroe.

48 1172 76 1225 .¹:
87 1174 192 1252 Quem
208 1178 366 1253 seqnitur,
383 1180 548 1261 innitique
563 1186 665 1255 presit,
688 1184 856 1254 gaudetque
874 1186 970 1242 videri

158 1264 341 1333 rungeriis,
361 1264 469 1323 intuitu
483 1266 567 1339 signa
585 1270 703 1325 minuce
722 1272 836 1326 ferens.

89 1347 232 1424 Quorum
250 1359 331 1419 terga
351 1350 461 1420 premit
477 1366 541 1407 non
560 1353 728 1409 enarrabile
747 1355 871 1424 vulgus,

159 1433 297 1488 Turbida
318 1435 439 1491 l‘ellinei
458 1437 596 1495 Phratrin
615 1438 783 1494 Dominici.

91 1519 280 1590 Attonitique
300 1522 407 1591 sophi,
426 1531 514 1593 etque
533 1522 652 1594 obstipa
672 1525 772 1577 fronte
795 1524 951 1595 magistri,

162 1604 324 1658 Terribilis
342 1606 447 1660 stricto
465 1607 554 1662 turba
571 1609 755 1679 supercilio,

91 1687 181 1744 Parte
199 1691 283 1744 omni
301 1692 420 1745 circum
439 1690 572 1761 insidia,
593 1694 652 1748 tela
670 1694 802 1765 undique
821 1704 851 1749 et
868 1693 978 1753 hostes

162 1774 213 1829 Tu
232 1786 314 1829 vates
332 1776 406 1830 vatis
426 1778 644 1834 commiseram
666 1780 776 1834 vicem.

92 1858 143 1916 Ne
162 1871 263 1915 tamen
283 1860 407 1938 adflictis
424 1863 472 1917 ser
489 1879 580 1934 opem
600 1874 684 1935 pater
704 1865 818 1935 optime
839 1864 948 1934 rebus,

163 1943 192 1999 Si
212 1961 302 1998 causa
320 1957 387 2012 cst,
407 1963 500 2017 quere
518 1946 626 2001 debeat
644 1949 697 2002 ista
716 1948 786 2020 peti.

94 2028 185 2084 Mira
204 2039 302 2096 artes,
323 2047 476 2087 summurn
494 2032 665 2101 ingenium,
682 2044 755 2087 nota
773 2032 904 2106 undique
925 2035 1039 2103 virtus,

163 2113 266 2170 Prima
285 2116 352 2171 viro
371 2118 441 2172 tanti
461 2132 550 2171 cause
571 2116 657 2171 inere
675 2116 756 2172 mali.

96 2198 156 2274 Qui
176 2200 232 2254 nisi
254 2201 399 2256 Caesareis
418 2201 566 2257 voluisset
584 2203 700 2257 endere
714 2200 825 2272 jussis,

164 2286 231 2341 lloc
250 2287 350 2342 scelus
368 2287 448 2342 haud
467 2286 560 2355 ratio,
580 2302 636 2342 eur
654 2300 808 2360 peteretur
827 2294 911 2352 erat,

95 2369 264 2428 Consilium
283 2370 396 2427 dixisse
415 2383 528 2442 nocet,
549 2375 617 2445 quis
635 2371 762 2428 credidit
780 2386 913 2441 unquam

163 2457 354 2526 Obsequium
373 2457 503 2512 dominis
521 2459 643 2527 regibus
663 2472 732 2512 esse
750 2456 864 2510 nefas?

94 2539 143 2599 Ne
164 2550 196 2596 tu
214 2543 275 2596 hos
299 2543 454 2597 contemni
473 2542 586 2598 debere
605 2539 756 2614 putaveris
773 2539 899 2607 hostes,

165 2626 254 2699 Quos
278 2635 396 2683 temere
413 2628 509 2682 nostri
526 2642 590 2683 uon
611 2627 739 2681 timuere
758 2632 869 2696 patres.

95 2712 221 2766 (laseris
240 2713 362 2768 Henrici
382 2714 500 2779 oaedee,
517 2710 708 2781 mixtumque
726 2723 878 2763 venenum

165 2797 279 2851 Christi
298 2798 327 2851 in
348 2816 446 2869 pane,
465 2799 505 2870 pii
525 2797 604 2867 regis
623 2796 658 2850 nd
676 2794 850 2861 interitum,

95 2881 135 2936 Et
153 2892 203 2936 tue
221 2898 312 2953 quarn
330 2884 460 2954 tetigisse
479 2893 580 2955 potest
596 2882 802 2952 Hieronymus
821 2887 911 2948 ntes,

167 2966 290 3040 Quique
307 2967 485 3025 Nemetensi
504 2985 575 3023 rure
593 2967 743 3035 Viqandus
761 2964 832 3037 agit.

98 3050 220 3125 Quique
238 3052 315 3124 apud
333 3053 484 3109 llelvetias
497 3053 564 3123 jam
582 3052 656 3107 vivit
673 3051 817 3107 Lett‘erns
835 3046 931 3105 urbes
941 3084 952 3117 ,

169 3136 323 3212 Quodque
341 3154 413 3192 meo
433 3138 550 3194 lacinus
567 3146 708 3209 tempore
729 3135 831 3193 Berua
849 3134 941 3189 dedit.

98 3218 139 3277 Et
157 3224 240 3294 quod
259 3220 410 3279 Parrhisia
430 3222 606 3292 exemplum
625 3221 757 3279 manarit
774 3219 812 3277 ab
829 3217 928 3287 urbe,

170 3307 325 3382 Quantum
344 3306 462 3372 ausint,
481 3322 548 3377 qua
566 3307 604 3363 eit
620 3308 686 3377 vis,
707 3307 892 3364 documento
909 3300 1032 3359 dabunt.

99 3392 223 3446 Scilicet
242 3393 303 3446 hoc
323 3402 466 3462 qunutum
486 3400 550 3459 est,
569 3392 694 3449 tulerint
710 3394 834 3465 impune
851 3398 899 3445 tot
915 3403 1032 3457 annot,

170 3479 262 3533 Nunc
281 3476 370 3530 decet
386 3474 486 3529 ultrici
506 3474 638 3546 plectere
657 3479 736 3531 lacta
753 3492 859 3533 cruce.

101 3561 152 3614 Tu
172 3571 260 3630 potes
280 3559 393 3614 auxilio
415 3559 501 3615 fessis
518 3574 700 3615 succurrere
718 3561 835 3629 rebus,

173 3645 222 3698 'l'u
242 3655 329 3714 potes
350 3644 495 3699 hostilem
513 3642 668 3700 oonflcere
687 3643 841 3700 invidiam.

100 3730 142 3786 Ni
165 3731 246 3783 soret
264 3728 474 3797 hoedorum,
493 3728 577 3801 potui
595 3744 718 3800 quoque
736 3728 860 3796 dicere,
881 3725 996 3797 debes,

173 3815 314 3870 'lentona
334 3816 358 3869 si
379 3815 490 3869 irustrn
507 3830 570 3869 non
587 3821 678 3869 vocet
697 3824 869 3867 crannum.

103 3901 151 3956 Te
172 3902 239 3956 fidei
259 3901 422 3956 commisse
443 3910 501 3955 tun
513 3896 685 3957 Germania
701 3896 773 3966 legit

173 3986 326 4043 Tutorem
346 3986 450 4059 populi
469 3983 601 4041 nominis
618 3990 709 4057 atque
725 3978 784 4039 sui.

106 4070 262 4142 Contingit
279 4073 423 4147 proprios
442 4079 604 4144 patronum
624 4075 714 4125 orare
733 4066 878 4134 clientes,

177 4156 224 4211 Ah
244 4175 317 4225 age,
336 4173 402 4230 qnae
420 4164 470 4211 tue
488 4165 575 4222 sunt,
598 4154 699 4225 rspice
719 4168 825 4221 magne
844 4158 941 4224 pater.

107 4241 206 4296 Cinea
226 4242 343 4311 gravis,
362 4242 463 4296 scelus
482 4248 528 4295 est
547 4245 671 4309 ingens,
691 4238 856 4309 ingensque
874 4231 1042 4309 periclum,

177 4326 225 4383 Nc
246 4337 407 4382 contemne
426 4327 508 4380 datas
526 4340 583 4397 pro
603 4325 759 4397 Cnpnione
777 4309 897 4395 preces.

109 4410 189 4486 Qui,
209 4412 233 4466 si
254 4430 312 4484 qun
332 4410 479 4467 occiderit
497 4410 597 4481 (quod
615 4404 795 4477 nbominor)
816 4405 929 4467 occidit
944 4418 1004 4459 nnn

177 4496 356 4552 Teutonicae
375 4494 470 4567 gentis
488 4494 563 4565 lux,
580 4494 743 4567 patrieque
762 4494 867 4551 decus.

141 4623 207 4670 unu
227 4623 314 4685 oar.
333 4624 364 4675 u.
733 4594 781 4667 23
