2624 5108
655 464 687 521 ‚ir-l

231 850 300 921 288
494 816 741 919 Resbonseria
765 843 813 917 ad
838 840 976 919 Iuliam

229 1037 327 1103 Vidit,
348 1046 377 1090 et
395 1034 514 1105 invidit,
542 1054 608 1110 quar
626 1038 752 1109 corripit
768 1036 868 1094 omo!
885 1050 1006 1104 seeum,

298 1128 336 1183 Et
353 1129 468 1197 siguum
486 1130 623 1187 innubis
640 1147 673 1186 se
690 1131 770 1185 dedit
787 1142 855 1187 esre
870 1130 981 1185 Deam.

231 1222 382 1297 Quodque
401 1223 456 1277 luit
477 1222 556 1279 nulla
573 1222 664 1279 nobis
678 1224 795 1279 ratione
812 1222 986 1290 timendum,

297 1315 331 1370 ln
348 1314 469 1385 propria
488 1331 594 1369 carcer
609 1327 695 1385 gente
712 1324 830 1386 paratus
848 1324 921 1369 erat.

229 1408 311 1479 Saepe
329 1406 507 1463 rebellantes
525 1408 613 1467 toties
625 1408 740 1465 -vieisae
759 1406 958 1477 Sycambros,

295 1499 351 1552 Est
368 1499 474 1552 iteruin
499 1508 584 1570 atque
604 1502 712 1555 iteruin
730 1514 819 1555 causa
836 1498 927 1554 luisse
944 1496 1037 1568 pium.
1142 1492 1145 1499 ’

229 1590 305 1663 Quis
324 1590 435 1647 fudisse
456 1591 536 1647 acies
554 1593 714 1649 Gallorum
731 1608 810 1663 sape
828 1590 973 1660 superbas

294 1682 419 1750 Nescit,
448 1692 478 1738 et
501 1683 610 1755 ingenti
628 1696 724 1755 strage
743 1682 860 1741 dedisse
877 1681 965 1737 neci?

226 1774 274 1829 Ad
290 1790 357 1829 mea
374 1774 536 1831 Pannonias
556 1778 675 1833 tremuit
692 1778 800 1833 domus
818 1790 921 1841 arma,
937 1773 1050 1845 fuitque

297 1867 448 1923 consultae
468 1868 561 1924 facien
579 1868 720 1925 omnibus
736 1866 900 1937 enemo.

226 1959 266 2015 Et
283 1959 339 2014 nisi
358 1969 401 2014 tot
422 1959 531 2019 variata
547 1960 646 2015 modis
666 1960 923 2026 fanmartinse,

295 2052 346 2105 Via
363 2069 429 2106 mea
449 2052 578 2107 bellaces
596 2052 730 2108 contudit
746 2052 908 2109 Helvetios.

225 2135 300 2198 liaeo
316 2143 448 2198 tumidos
465 2142 562 2211 glndio
582 2144 656 2198 nictit
673 2145 790 2201 victore
806 2144 963 2199 Bohemos

294 2235 430 2302 Dextra,
460 2234 607 2290 Palatinas
625 2252 694 2291 oum
714 2248 912 2309 sequerentur
931 2252 1016 2309 opes.

226 2325 339 2382 lulidos
358 2328 458 2398 pepuli
476 2327 571 2399 patrio
589 2329 626 2383 de
646 2328 738 2383 limite
757 2330 886 2385 'fureas

294 2419 323 2475 Ο
342 2430 372 2473 et
387 2419 489 2481 adhue¹
501 2418 599 2493 aliqua
617 2437 690 2491 gens
708 2422 840 2477 adeunda
857 2437 957 2477 mauu.

227 2510 340 2567 Cuncta
368 2513 484 2567 referre
507 2512 606 2585 pigot,
632 2530 690 2569 nec
715 2514 793 2567 enirn
819 2514 920 2569 brevis
943 2514 1042 2569 omnia
1066 2515 1176 2569 chartas

294 2606 451 2660 Servatura
469 2606 594 2661 modom
611 2606 714 2678 pagina
731 2609 813 2661 ferre
830 2618 937 2678 potest.

227 2696 318 2754 Nunc
337 2715 458 2768 quoque
470 2740 480 2767 ‚
510 2710 618 2770 quanta
641 2699 698 2753 tuis
720 2710 766 2753 tot
789 2707 871 2753 retro
897 2696 1073 2753 abeuntibus
1091 2700 1178 2754 annis

294 2789 465 2845 Aediderim
485 2792 598 2862 eampis
618 2793 722 2846 lunera
739 2807 828 2845 nemo
847 2799 940 2858 rogat.

226 2880 307 2955 Quid
326 2881 436 2935 rnirunr
447 2921 456 2948 ,
486 2882 512 2935 si
535 2883 661 2937 fortunae
684 2883 811 2938 cessisse
830 2897 1008 2954 parumper,

292 2972 425 3026 Differre
449 2983 477 3026 et
495 2982 608 3029 tanturn
624 2975 819 3029 si·rideamur
837 2976 936 3045 opus?

226 3064 276 3120 Tu
294 3063 450 3135 quereris,
481 3068 766 3137 causasquetimes,
795 3066 936 3137 quaesisse
952 3066 1108 3130 morandi,

292 3157 332 3212 Et
349 3158 476 3228 spatium
491 3160 573 3228 justo
591 3160 687 3228 majus
704 3158 809 3213 abesse
830 3159 926 3214 doles.

223 3251 267 3308 Et
284 3251 365 3305 velut
384 3253 563 3319 admoneas,
588 3251 693 3306 imitari
712 3252 855 3322 exempla
867 3260 1040 3322 parantum,

294 3343 456 3412 Segnitiem
477 3340 669 3411 exprobres,
695 3344 896 3414 desidiamque
912 3353 1009 3397 notas.

225 3424 340 3489 Desine
359 3433 395 3485 ab
415 3431 562 3501 exemplis
580 3435 681 3490 metiri
700 3438 797 3503 facts,
824 3452 882 3491 nec
899 3434 991 3501 istis,¹

295 3523 445 3576 Conferre
465 3522 591 3596 antiquis
614 3535 751 3598 tempora
769 3540 871 3583 nostra
888 3527 974 3583 velis.

228 3615 314 3688 Quos
341 3623 404 3668 tum
431 3632 653 3673 commemoras
679 3619 867 3688 geminorum
892 3620 1035 3693 splendor
1055 3620 1214 3679 Othonum

294 3706 400 3774 Longe
418 3707 475 3773 alia
492 3717 589 3765 tantus
607 3710 783 3773 conditione,
798 3712 862 3768 luit.

227 3801 315 3857 Tunc
332 3816 431 3870 neque
448 3809 495 3855 tot
513 3802 652 3858 dominos
669 3803 774 3858 habuit
792 3805 957 3862 Germania
973 3822 1075 3877 reges,

293 3893 361 3949 Nee
384 3893 455 3947 dum
475 3903 664 3965 contemptus
682 3896 810 3951 Caesaris
836 3896 890 3961 iste
918 3899 984 3955 suit.

225 3987 328 4046 Paruit
344 3985 484 4055 Augustis
500 3987 587 4058 patrii
605 3990 770 4043 concordia
793 3990 886 4060 regni.

294 4079 454 4134 Constituit
472 4079 628 4150 proprium
644 4095 736 4136 nemo
755 4081 813 4137 sibi
831 4083 1000 4154 imperium.

226 4174 254 4230 Si
272 4173 392 4245 quando
411 4170 542 4242 expediit
558 4171 692 4240 legiones
715 4173 846 4242 ducere,
866 4183 903 4237 ‚ct
918 4191 1043 4249 usquam
1084 4222 1087 4227 .

293 4264 407 4320 Martia
426 4264 455 4318 in
472 4263 573 4319 hostili
590 4280 706 4334 ponere
724 4278 821 4321 castra
837 4267 928 4335 loeo,

227 4356 367 4415 Militiam
386 4372 477 4411 nemo
495 4365 559 4411 tum
577 4357 761 4415 detrectabat
777 4358 953 4426 honestam,

296 4448 461 4521 Gloriaque
478 4446 508 4501 in
526 4450 632 4517 castris
652 4450 778 4523 Castris
794 4466 859 4511 esse
876 4450 941 4507 leit.
1047 4518 1051 4525 Ι
