2624 5108
230 777 272 851 In
297 779 329 852 J.
355 778 595 878 Pepericomi
618 776 731 853 vitam
754 777 954 854 Exclamat.
1042 781 1113 861 sat

87 974 170 1032 Tum
188 973 287 1028 solum
308 975 386 1029 dedit
406 976 455 1029 illa
472 975 595 1042 locum,
618 983 797 1046 partumque
813 973 933 1044 maligni

86 1067 227 1136 Pignoris
247 1069 380 1135 admisit,
401 1081 461 1123 tota
480 1080 524 1123 est
540 1068 646 1123 Judaea
666 1083 821 1139 propago,

86 1161 173 1214 Unde
192 1160 407 1230 Peptrcornus
424 1163 513 1216 terris
532 1163 644 1216 invisus
664 1161 802 1224 slutnuus

86 1254 222 1322 Prodiit,
240 1255 311 1308 huie
331 1266 425 1309 mater
443 1266 527 1327 pater
546 1270 590 1309 est
607 1253 643 1308 ab
664 1253 778 1323 origine
797 1251 898 1311 Judn.

86 1346 239 1402 Merserat
256 1348 408 1415 indignum
428 1348 539 1403 Christi
559 1348 735 1419 baptismate
745 1363 868 1419 ‚eorpus

85 1441 284 1497 Dissimulato
304 1458 410 1494 errore
433 1454 562 1512 patrum.
599 1443 646 1497 Ne
664 1441 765 1510 tingite
782 1442 886 1509 eires,

88 1536 116 1591 Si
135 1536 257 1588 tinxisse
275 1545 367 1588 nocet
378 1574 388 1602 ,
411 1551 449 1588 ne
466 1546 573 1589 nostro
594 1535 686 1589 ascite
706 1534 821 1605 pcrielo

87 1629 191 1698 Stirpis
210 1629 376 1681 inhumanae
394 1628 555 1696 sobolem,
573 1629 660 1684 sinite
681 1644 748 1683 esse
767 1627 915 1698 sepultam

85 1720 189 1775 Nocte
210 1737 282 1786 sua,
306 1722 459 1792 diramque
478 1721 586 1786 iterum
606 1738 644 1775 ne
663 1721 805 1775 admittite
824 1734 944 1790 gentem

86 1813 122 1867 In
143 1814 256 1884 patrios
275 1814 368 1881 ritus,
387 1813 497 1883 poterit
515 1814 649 1883 sejuncta
661 1804 793 1886 ¹caveri,

88 1907 164 1981 Quae
184 1906 346 1975 conjuncta
364 1907 477 1975 nequit.
513 1907 592 1963 Nam
612 1924 674 1979 quo
694 1925 756 1963 non
775 1906 901 1961 erimine
918 1905 998 1961 diras

86 2000 200 2057 Polluit
219 2002 271 2054 istc
291 2002 420 2054 manus?
438 2000 509 2070 quid
528 2017 589 2056 non
608 2000 764 2056 simulator
784 2001 904 2071 iniquus

87 2095 216 2150 Admisit
233 2093 408 2147 scelerum?
426 2093 545 2162 quodve
564 2111 695 2165 unquam
715 2094 875 2149 immanius
896 2091 962 2146 orei

87 2188 205 2244 Prodiit
222 2203 238 2240 e
258 2185 380 2240 latebris
398 2189 590 2242 monstrum?
609 2197 692 2242 certe
710 2186 855 2241 omnibus
872 2183 977 2254 hydris

89 2282 199 2335 Saevius
218 2280 344 2345 exarsit,
362 2279 530 2350 Lernaequc
549 2279 684 2335 ferocius
701 2295 797 2347 angue

90 2375 182 2430 Orbis
201 2374 229 2427 in
250 2372 373 2426 exitium
391 2372 495 2430 scelus¹
509 2372 591 2439 hoe,
610 2385 825 2429 mansuescere
842 2378 946 2424 torvas

91 2466 180 2542 Quod
200 2467 275 2521 sinat
293 2464 496 2530 Eumenides,
515 2463 641 2534 Lyciam
659 2464 740 2535 quod
760 2462 843 2516 abire
863 2461 1036 2517 chimeram

90 2561 204 2617 Saevitia
223 2567 329 2627 cogat,
351 2566 522 2611 monstrum
540 2557 623 2628 quod
644 2557 746 2610 vineat
764 2553 889 2611 Iberum

90 2653 253 2722 Gorgones
263 2671 273 2720 3
293 2650 498 2722 llarpyjasque
516 2658 625 2717 necet,
643 2647 701 2703 sub
719 2663 813 2719 seque
830 2647 979 2718 relinquat

91 2747 275 2813 Centauros,
293 2743 453 2799 Diomedis
472 2756 590 2814 equos,
610 2741 808 2812 Scyronque,
830 2740 1023 2811 Scinimque,

88 2839 129 2895 Et
147 2840 274 2893 crudum
293 2838 492 2910 Antiphaten,
511 2852 572 2907 quo
593 2850 654 2889 non
674 2832 870 2904 Lestrigones
887 2833 951 2888 ausi

88 2933 220 2987 Ulterius
240 2932 360 2986 tuerint.
398 2930 515 2986 Siculos
532 2927 694 2983 mitescere
714 2943 801 2997 reges

91 3023 183 3095 Quod
203 3023 309 3090 faeiat,
328 3022 523 3093 Phalarisque
541 3021 668 3077 bovem.
703 3019 816 3076 Medea
835 3019 962 3092 pusillos

91 3115 273 3187 Quanquam
291 3114 487 3169 excarnilieet
504 3124 610 3183 natos,
629 3114 677 3170 cui
696 3114 793 3186 prima
812 3114 962 3184 relinquat

90 3208 212 3263 Saevitiae
231 3215 447 3273 monumenta,
467 3206 503 3260 ad
523 3207 605 3278 quod
623 3208 816 3279 requiescere
835 3205 931 3276 possit

89 3301 178 3357 Foeda
199 3299 390 3355 Tamurlanis
409 3298 528 3366 eudes,
547 3299 721 3372 bellumque
740 3308 920 3367 cruentum,

90 3395 131 3450 Et
148 3394 202 3448 tria
224 3401 320 3447 eastra
339 3391 444 3461 ducis,
462 3392 572 3463 triplici
591 3394 708 3449 diversa
728 3394 835 3448 colore

89 3488 220 3542 Australi
240 3484 393 3540 horridius
410 3485 495 3552 datu,
514 3486 674 3542 violentius
693 3487 776 3541 omni

89 3581 225 3636 Orcano.
263 3577 397 3633 Adriaeis
415 3577 497 3649 quod
517 3592 550 3632 se
570 3578 756 3648 implacatius
775 3579 861 3634 undis
964 3640 975 3657 ἢ

91 3674 219 3742 Colligat
237 3673 266 3726 in
284 3671 424 3737 rabiem,
442 3669 499 3723 sub
518 3669 600 3741 quod
619 3685 672 3724 sua
692 3669 806 3724 robora
824 3671 945 3741 vimque

91 3766 125 3819 In
146 3766 300 3819 cumulum
321 3763 401 3832 dedit
420 3777 511 3818 omne
529 3762 624 3816 netas.
660 3760 728 3815 Diis
746 3761 837 3829 gratia
856 3761 1008 3832 primum,

92 3858 214 3911 Dehinc
238 3858 361 3912 Alberte
379 3856 453 3925 tibi,
472 3863 573 3927 perte
593 3853 751 3908 elementia
767 3853 868 3907 divum

90 3953 223 4005 Abstulit
241 3950 426 4005 huneterris
445 3957 582 4020 pestem,
599 3956 686 4018 atque
706 3946 736 4001 in
753 3955 861 4001 tartara
878 3947 1001 4014 mersit,

92 4049 191 4099 Ausus
211 4056 273 4097 erat
293 4055 443 4098 temerare
462 4042 571 4109 Deos,
591 4041 704 4097 violare
723 4055 881 4095 sacrorum

92 4140 191 4192 Omne
210 4152 320 4204 genus,
339 4135 474 4206 divisque
495 4149 619 4202 mantas,
638 4144 667 4188 et
684 4133 776 4188 noxia
793 4130 931 4187 membra

91 4232 239 4285 Admoliri
249 4271 258 4298 ‚
278 4240 307 4283 et
326 4229 452 4284 inaudita
470 4230 600 4284 novitate
620 4227 759 4294 furebat,

90 4329 224 4394 Argento
249 4320 378 4395 spoliare
402 4324 504 4389 Deos,
522 4320 644 4376 donaria
660 4319 780 4389 templis

90 4418 227 4485 Eruere,
250 4417 394 4473 incestam
412 4414 506 4478 saeris
524 4414 684 4486 imponere
704 4410 860 4481 dextram,
