2624 5108
453 829 457 839 ·
519 777 731 875 Cspnionis.'
1058 748 1131 859 377

119 967 211 1044 Quod
223 969 355 1040 loquitur
367 970 483 1027 flamma
496 980 559 1039 cst,
576 970 692 1029 flamma
707 983 768 1041 est,
780 974 861 1045 qnod
873 956 978 1030 scribit
989 974 1024 1029 ad
1035 972 1132 1045 ignem

119 1065 245 1135 Semper
263 1065 291 1118 in
310 1083 363 1120 ore
382 1068 475 1135 gerit,
494 1067 589 1138 prima
605 1066 672 1121 hac
689 1075 776 1137 atque
794 1068 897 1122 ultima
915 1084 978 1122 vox
996 1076 1051 1123 est.

120 1157 228 1225 lgneus
247 1144 291 1210 est
308 1175 419 1227 nasus,
439 1159 604 1215 durarunt
621 1159 732 1213 lumine
749 1159 858 1214 frontis

119 1249 228 1319 ignes,
247 1252 382 1304 candenti
402 1269 458 1306 cor
476 1270 492 1307 e
510 1252 644 1308 carbone
662 1260 801 1307 cunctum
819 1261 873 1307 est.

120 1343 190 1414 lpse
210 1344 298 1398 etiam
316 1345 345 1398 in
363 1345 469 1400 vinclis
487 1362 565 1414 agre
583 1362 615 1399 se
634 1345 786 1413 continet,
804 1345 902 1415 ignem

121 1437 193 1510 Quo
209 1438 307 1491 minus
327 1438 492 1506 exclamet,
510 1438 593 1494 volet
609 1440 690 1494 hunc
708 1440 813 1493 ardere
830 1438 1036 1509 triumphum,

122 1531 158 1584 Se
177 1531 306 1584 medium
325 1531 444 1600 quoties
464 1531 624 1604 quicquum
640 1531 737 1598 sudit,
757 1533 863 1587 clamet
881 1532 915 1591 sd
934 1532 1049 1600 ignem,

120 1622 160 1679 Et
178 1623 294 1693 quoties
310 1623 396 1691 legit,
419 1632 506 1694 atque
529 1624 645 1696 sliquos
662 1625 724 1679 hoc
742 1624 868 1696 perdidit
886 1625 964 1693 igne.

121 1717 206 1770 llane
224 1715 269 1768 bis
287 1731 343 1768 sex
356 1714 485 1783 juvenes
503 1716 622 1772 serratis
641 1732 751 1786 cogere
769 1717 876 1772 vinclis

121 1809 194 1863 Non
214 1817 339 1877 potuere
359 1809 472 1876 feram,
489 1810 557 1865 solo
577 1825 592 1863 s
611 1809 764 1882 capcione
782 1810 864 1880 ligari

122 1901 279 1968 Sustinuit,
297 1917 465 1970 quanquam
483 1916 564 1973 snpe
580 1902 773 1972 ingeminaret
790 1903 825 1958 sd
844 1904 961 1973 ignem,

122 1995 346 2063 Evomerctque
365 1993 474 2061 ignem.
510 1995 582 2049 Non
600 2011 634 2050 se
651 1996 753 2068 priore
773 2006 872 2051 tuemr

123 2088 193 2156 igne
214 2086 324 2155 triceps
341 2086 436 2155 Lycio
456 2088 613 2143 metuenda
630 2089 778 2145 Chimaro
795 2089 919 2145 colono.

122 2180 195 2236 Non
214 2180 252 2234 ita
269 2180 350 2249 quod
369 2180 485 2247 Cacus,
502 2196 563 2233 non
581 2182 662 2252 quod
679 2183 757 2254 spuit
775 2186 869 2237 Aetne
890 2180 1054 2237 timendum
1072 2185 1138 2247 est,

123 2273 338 2343 Appetiturque
355 2280 437 2326 metu
455 2272 602 2344 Typhoea
619 2275 737 2331 flamme
753 2274 878 2342 minori,

125 2364 195 2439 Quo
215 2382 266 2430 sc,
288 2381 347 2434 quo
366 2364 510 2419 mundum
527 2364 663 2421 Phaeton
680 2384 757 2438 pene
775 2373 891 2420 usserat
911 2364 987 2433 igne.

123 2456 162 2512 Et
180 2473 240 2527 quo
261 2457 357 2525 Treja
374 2457 467 2528 perit,
485 2456 585 2511 minor
602 2469 656 2515 est.
691 2459 761 2515 Nec
777 2459 906 2513 vincitur
926 2457 976 2511 illo

25 2604 47 2625 ÷.
125 2548 306 2614 Colchides,
326 2548 507 2603 Aemonium
524 2566 614 2621 quem
632 2551 701 2605 llsnt
720 2551 749 2605 in
768 2549 885 2605 Jascns
903 2549 1016 2616 Ταυτὶ,

49 2624 66 2687 '.
124 2644 182 2698 Aut
202 2659 262 2711 quo
281 2657 314 2696 se
332 2640 532 2710 Eumenides,
548 2642 596 2697 vel
615 2658 676 2712 quo
694 2659 728 2697 se
746 2642 898 2698 Cerberus
919 2651 1023 2697 nrmst.

124 2736 246 2791 Scilicet
262 2736 323 2788 hoc
341 2751 402 2789 uno
420 2734 494 2789 nihil
512 2744 557 2789 est
577 2724 739 2791 violentius
755 2735 839 2805 igne,

125 2831 153 2885 Si
176 2845 333 2884 successus
351 2828 425 2897 slat,
448 2828 473 2884 si
491 2844 524 2883 se
542 2829 662 2883 fortune
681 2829 778 2885 furori

23 2987 25 2993 Ι
123 2921 273 2988 Misceat,
292 2933 321 2975 et
338 2931 480 2994 quantum
498 2932 544 2978 est
560 2922 628 2993 ire,
647 2921 691 2976 vis
708 2929 787 2976 tantu
804 2928 956 2993 sequatur.

10 3048 12 3052 -
125 3014 176 3070 Dii
196 3025 224 3067 te
242 3016 350 3083 agitent
367 3015 495 3070 Ortuine
511 3016 597 3069 netas
606 3033 617 3084 3
634 3022 668 3069 ut
685 3014 714 3069 in
732 3015 828 3086 capite
846 3015 902 3070 isto

125 3105 215 3161 Virus
232 3108 345 3175 habes,
365 3107 486 3178 unaque
504 3109 623 3177 oculis,
642 3116 675 3163 ut
692 3117 723 3161 tu
741 3108 841 3163 omnis
858 3107 924 3161 visti

127 3199 336 3255 Consceleras.
372 3203 457 3256 Naso
474 3208 557 3254 vates
572 3216 663 3275 qnem
681 3201 813 3258 carmine
830 3199 941 3273 pingit,

14 3364 18 3373 ι
41 3340 46 3345 .
125 3291 245 3347 invidiae
265 3294 382 3360 vultus,
402 3307 463 3347 non
479 3293 604 3349 multum
623 3295 735 3351 abludit
752 3294 789 3349 ab
808 3294 871 3349 illo.

29 3374 33 3379 ¹
124 3385 174 3442 Ne
192 3386 264 3439 mihi
283 3383 330 3438 dic
348 3384 497 3452 studium,
515 3400 574 3440 nec
591 3386 639 3441 dic
655 3388 728 3443 mihi
746 3388 875 3460 pessime
893 3387 985 3442 vitam

125 3478 213 3533 Neve
237 3478 265 3531 in
284 3475 452 3531 concinnos
469 3491 572 3531 mores
582 3518 592 3547 ,
603 3480 785 3535 -verissimus
802 3482 893 3537 index

48 3558 53 3565 Χ
127 3569 277 3624 Omnibus
294 3581 339 3625 est
356 3570 475 3636 vultus,
494 3570 544 3641 qui
563 3583 591 3625 tc
610 3570 700 3627 docet
718 3588 784 3628 esse
800 3575 980 3642 malignum,

53 3674 58 3681 ·
125 3661 203 3718 Esse
225 3663 345 3731 levem,
363 3679 542 3736 semperque
559 3666 688 3733 malum,
709 3680 889 3736 semperque
908 3674 1043 3736 parstum

28 3786 36 3805 κ
127 3757 268 3812 Officere.
306 3757 346 3811 Ut
364 3767 482 3823 taceas,
500 3759 571 3827 quid
582 3758 646 3827 jum
665 3763 781 3826 septem
800 3756 893 3824 egerit
911 3757 994 3811 annis

126 3848 261 3904 Forsitan
278 3850 357 3905 haud
375 3849 490 3919 dicam,
508 3850 605 3905 dicam
620 3849 716 3917 haud,
734 3856 763 3903 st
781 3848 881 3903 verius
899 3851 990 3908 omni.

128 3943 293 4013 conjiciam
311 3961 406 4013 vero,
425 3954 455 4000 te
473 3954 580 4001 cuncte
597 3945 726 4011 audere,
748 3940 880 4013 nihilque

127 4037 225 4094 Posse
242 4041 357 4106 negas?
375 4048 404 4095 at
421 4048 449 4095 te
467 4040 599 4112 produnt
614 4047 663 4093 ms
680 4035 827 4103 carmina,
847 4033 900 4089 sed
920 4049 976 4089 eur

128 4131 260 4184 Crimina
279 4148 341 4185 non
359 4131 482 4202 potius?
501 4134 611 4204 Neque
630 4131 709 4186 enim
726 4129 875 4200 videoque
892 4127 1020 4198 legeque

127 4222 262 4279 Putidius
280 4224 460 4294 quicquam,
482 4233 578 4281 totum
596 4224 662 4280 inda
679 4223 818 4280 versibus
837 4228 953 4288 utrem,

127 4313 199 4368 Inlla
218 4315 321 4371 ambas
339 4316 471 4386 buccas,
489 4328 520 4371 ut
537 4327 566 4373 te
586 4334 648 4371 uno
666 4317 796 4372 carmine
817 4314 916 4369 vincat

128 4406 295 4478 Buschius,
315 4419 364 4467 sut
380 4410 484 4483 aliquis
501 4409 664 4467 Musarum
680 4416 796 4467 mactus
812 4408 958 4465 sinmnus.
