2810 4722
467 435 595 514 Oratio
623 436 799 515 Secunda.
833 473 835 480 v
1090 452 1137 530 99

130 643 251 707 gentem
271 628 447 720 sollicitare.
486 631 529 693 Et
549 641 585 693 ut
601 631 795 714 intelligatis,
820 655 919 719 <quam
940 654 1007 698 non
1020 634 1137 715 impos·

124 743 199 795 tuna
225 734 264 794 sit
292 734 356 795 haec
382 751 452 794 mea
477 731 653 810 festinatio,
691 735 808 796 bellum
835 747 1013 813 comparat,
1048 735 1139 822 quod

124 845 233 895 contra
248 833 326 896 hauc
337 829 483 912 patriam,
501 831 613 906 locos,
634 844 729 916 atquc
742 854 810 897 aras
824 845 946 896 nostras
958 835 1085 899 invehat
1095 837 1137 913 ⁴¹).

123 935 209 996 Dum
232 934 291 995 hoc
311 933 480 996 consilium
503 943 704 1009 maturescat,
740 934 798 998 hos
821 930 946 996 interim
967 934 1050 998 misit
1075 938 1139 998 hnc

125 1036 335 1109 oratoroulos,
383 1031 439 1115 qsri
475 1033 657 1096 excusando
689 1044 812 1114 tempus
844 1033 974 1109 ducant,
1011 1055 1137 1118 vosque

124 1134 270 1216 precibus
287 1143 418 1195 tentent.
456 1133 553 1213 Quod
569 1131 596 1195 si
612 1155 653 1194 ex
674 1133 777 1196 animo
796 1135 901 1209 caelat,
921 1135 1137 1198 conditionem

123 1233 271 1314 accipiat,
302 1245 334 1296 et
354 1234 393 1295 ad
410 1231 520 1314 pejora
543 1232 577 1294 in
601 1233 668 1296 dies
690 1235 898 1316 perpetranda
919 1255 952 1296 se
973 1247 1135 1312 reservet;

65 1362 69 1375 ’
121 1334 171 1397 sin
201 1334 323 1410 minus,
363 1335 403 1396 ad
432 1334 516 1397 istud
543 1353 577 1394 se
599 1331 730 1414 recipiat
754 1339 888 1415 asylum,
929 1335 1013 1398 unde
1043 1336 1137 1398 nobis

121 1437 310 1518 perniciem,
349 1436 409 1498 toti
442 1432 616 1498 Germaniae
648 1434 821 1498 vastitatem
856 1435 975 1498 inferre
1007 1435 1136 1518 cogitat.

123 1536 273 1618 Quamvis
291 1536 373 1601 enim
393 1537 497 1599 nullus
519 1535 636 1597 sithoc
656 1537 777 1598 latrone
797 1537 1000 1613 imbecillior,
1032 1541 1136 1601 nullus

121 1637 298 1713 desertior,
334 1655 369 1700 ae
390 1637 574 1722 desperatus
600 1633 717 1718 magis,
751 1635 824 1721 quia
848 1648 951 1700 tamen
973 1637 1050 1703 nihil
1073 1651 1137 1704 tam

121 1751 235 1822 turpe,
267 1750 329 1800 tarn
357 1735 586 1811 execrandum,
620 1757 656 1798 ac
679 1737 921 1800 abominandum
949 1749 1012 1812 est,
1048 1739 1137 1822 quod

120 1859 184 1902 non
205 1857 298 1900 snum
318 1836 379 1899 sibi
394 1834 602 1916 patrocinium
618 1836 743 1913 haheat,
764 1848 796 1900 et
812 1836 846 1900 in
863 1858 900 1898 ea
916 1837 974 1900 iste
992 1849 1137 1919 tempora

119 1939 247 2016 incidit,
268 1937 384 2021 quibus
404 1957 497 1999 nemo
516 1957 583 1998 non
595 1957 657 2000 susa
670 1935 832 2016 cupiditati
850 1936 997 2002 fiduciam
1014 1959 1137 2019 ponere

122 2043 236 2116 audet,
264 2038 403 2114 invenit,
438 2036 626 2121 quibuscum
650 2038 843 2100 suaruhanc
867 2037 1027 2101 fortunam
1050 2025 1161 2104 com-⁵

122 2139 278 2215 municet,
300 2137 425 2222 quos'si
445 2157 511 2200 non
530 2138 683 2200 scelerum
698 2157 828 2201 suorum
849 2149 1040 2215 assertores,
1066 2160 1138 2204 nam

120 2242 154 2304 in
175 2260 274 2324 quem
302 2239 363 2302 hoc
385 2239 492 2312 cadat,
524 2249 586 2299 tam
611 2235 757 2318 impium,
793 2246 856 2300 tam
878 2237 917 2299 ab
943 2239 1137 2303 humanitate

123 2341 311 2403 derelictum
324 2359 394 2402 esse
406 2337 568 2403 'neminem
589 2349 687 2420 puto,
719 2338 836 2402 veteris
853 2341 960 2404 saltem
982 2361 1058 2425 erga
1078 2361 1138 2403 nos

33 2487 38 2498 .
123 2438 252 2502 invidias
269 2439 428 2520 explenda
442 2437 693 2520 opportunitate,
713 2436 806 2520 h'ujus
824 2441 959 2506 nationis
975 2441 1138 2526 impugna·

121 2551 213 2604 tores
236 2539 327 2601 nobis
347 2533 484 2619 objiciat
531 2535 647 2620 Sisque
667 2540 812 2602 alterutra
831 2540 871 2604 e'x
891 2542 951 2605 hoc
972 2542 1138 2626 naufragio

123 2642 177 2704 cist
196 2659 360 2728 emergere
378 2638 545 2722 cogitauit,
565 2637 657 2701 autsi
673 2639 743 2700 lieri
762 2641 861 2720 possit
881 2643 1009 2725 quaesita
1023 2645 1138 2707 delicto

121 2741 234 2816 venia,
270 2749 325 2802 aut
356 2739 384 2800 si
409 2739 511 2802 minus
536 2739 597 2801 hoe
626 2739 798 2819 procedat,
835 2753 872 2802 ut
896 2741 961 2805 istis
987 2743 1139 2822 presidiis

123 2839 231 2905 omnia
243 2841 351 2922 legum
369 2835 499 2918 sciuris
517 2839 650 2902 claustra
667 2838 855 2922 perfringat,
883 2861 1009 2923 vosque
1027 2841 1054 2903 si
1073 2863 1139 2912 non

122 2941 256 3005 lrrlmine
275 2939 480 3015 comminuat,
512 2939 620 3002 saltem
644 2940 795 3022 grandine
815 2961 851 3004 ac
871 2943 1007 3024 procella
1024 2944 1140 3022 pulset.

124 3042 248 3108 Contra
266 3061 335 3124 quae
359 3039 421 3103 etsi
444 3036 517 3102 satis
536 3039 686 3101 munitam
705 3040 904 3104 Germaniam
921 3041 1004 3117 scio',
1029 3040 1140 3105 viden·

123 3141 203 3204 durn
214 3152 317 3202 tamen
329 3150 394 3216 est,
414 3159 456 3200 ne
471 3157 565 3221 quem
578 3138 756 3201 necessario
770 3141 980 3205 damnandum
995 3141 1140 3206 omnibus

125 3238 255 3321 justitiae
274 3236 406 3302 vinculis
423 3236 608 3318 implicitum
624 3238 753 3314 tenetis,
773 3261 840 3302 non
860 3241 927 3303 sine
946 3242 1030 3322 turpi
1046 3240 1140 3323 hujus

124 3335 262 3402 nationis
285 3337 420 3402 ludibrio
441 3338 591 3401 elabatur.
640 3340 754 3420 Neque
775 3338 859 3402 enim
879 3343 940 3403 hoc
960 3353 1085 3417 rnetuo,
1106 3351 1142 3404 ut

125 3436 330 3502 Germaniam
358 3437 470 3502 talibus
504 3438 564 3501 iste
599 3436 722 3500 auxiliis
753 3449 890 3513 evertat,
935 3443 992 3502 scd
1017 3464 1057 3504 ne
1088 3453 1142 3504 arat

125 3539 290 3623 negotium
307 3541 411 3604 multis
430 3538 540 3614 saciat,
562 3548 615 3600 aut
636 3536 840 3601 cunctationis
855 3548 965 3599 vestrae
984 3539 1140 3601 beneficio

124 3661 224 3720 poenae
255 3661 290 3702 se
316 3639 483 3701 subtrahat.
525 3638 669 3720 'Quippe
700 3649 735 3702 ut
768 3639 921 3701 scelerum
951 3637 1143 3700 conscientia

125 3738 299 3816 tumidum,
326 3738 552 3820 suspiciosum,
580 3760 616 3802 ac
637 3740 837 3821 desperatum
853 3737 1008 3814 reddidit,
1034 3735 1094 3813 ita,
1114 3737 1142 3800 si

127 3835 192 3922 q'ua
221 3859 272 3914 se,
315 3841 403 3924 quod
438 3840 492 3905 Dii
521 3840 722 3931 prohibeant!
773 3839 820 3904 his
856 3837 1006 3924 angustiis
1033 3835 1142 3904 laxitas

162 4059 193 4128 ⁸)
211 4062 315 4118 involat
323 4103 333 4134 ,
350 4069 450 4120 emittat
