2624 5108
540 796 578 871 in
603 797 753 872 Taren.
1088 802 1185 893 506ι

141 994 335 1067 induerunt,
370 1007 514 1074 mamam
543 990 680 1070 Europae
714 1000 834 1071 partem
860 988 1011 1053 irretitam
1040 1000 1160 1053 tenent.

142 1097 305 1160 Audemus
341 1112 413 1154 eum
439 1092 516 1154 istae
541 1088 713 1154 uenatione
736 1100 845 1152 nostra
864 1090 1012 1154 conferre
1032 1088 1161 1154 studia?

143 1194 307 1258 Audemus
326 1191 493 1256 fructeseae
516 1191 567 1255 isti
592 1190 668 1253 ludo
688 1190 810 1254 steriles
831 1202 959 1255 nostros
979 1208 1161 1271 comparare

142 1293 296 1357 labores?
349 1294 462 1355 'l'urcoe
488 1292 729 1374 helingerum,
759 1310 819 1354 nos
850 1289 997 1355 ludimus.
1047 1291 1161 1353 'suren

144 1411 295 1478 regnant,
314 1414 373 1456 nos
390 1413 462 1457 carm
477 1391 555 1457 ieris
571 1390 797 1454 conflictamur.
828 1391 941 1453 Tarra
959 1389 1161 1472 triumphant,

144 1517 203 1559 nos
225 1477 372 1558 convivia
395 1496 526 1574 agimus.
563 1489 685 1575 Ecquis
704 1489 833 1554 ludendi
853 1488 989 1554 modus?
1017 1479 1162 1571 igniaria,

141 1596 285 1660 vanitatis
325 1616 361 1656 ac
401 1594 529 1661 desidias
565 1592 666 1660 linis?
722 1582 909 1674 Quanquam
944 1589 1064 1656 utinam
1104 1591 1164 1655 ista
1230 1591 1237 1601 ’

144 1696 376 1782 qualiacunque
400 1716 476 1760 sunt
502 1692 609 1777 potius
635 1712 820 1774 agarems,
852 1710 947 1774 quam
972 1711 1041 1775 quae
1066 1693 1161 1775 paulo
1214 1710 1218 1723 ·

143 1815 215 1861 aute
244 1797 333 1872 dixi,
367 1795 485 1880 quibus
517 1794 551 1857 in
590 1793 722 1855 exitium
751 1791 925 1855 Germania
964 1811 1163 1870 exercemur,

143 1899 272 1982 quando
289 1895 515 1976 direptionibus
535 1913 665 1973 operam
683 1892 812 1967 (lamus,
852 1895 980 1975 quando
1001 1895 1161 1972 incendiis,

142 1997 359 2064 devastatione
386 2014 422 2056 ac
448 1993 584 2057 aedibus
610 1992 747 2058 invicem
772 2014 831 2057 nos
858 1992 1082 2060 consumimus.
1119 1998 1163 2059 Et

143 2111 219 2163 tune
244 2098 374 2182 quidem
411 2093 506 2158 animi
533 2094 626 2156 nobis
658 2106 794 2171 tument,
837 2095 921 2158 vires
955 2106 1162 2172 ostentantur,

141 2219 217 2262 eum
238 2196 387 2260 Germani
416 2197 592 2259 Germanos
617 2194 789 2276 perdimus.
835 2195 898 2259 Sed
924 2204 1043 2278 quanto
1062 2195 1162 2276 ansgis

145 2298 287 2379 oportuit
315 2308 473 2379 perpetuo
504 2296 613 2373 otiari,
651 2295 822 2379 quam‘sic
854 2293 944 2357 obire
972 2294 1162 2377 negotium?

143 2396 245 2461 Annis
268 2396 489 2476 superioribus
513 2396 672 2461 devastata
698 2408 746 2460 est
766 2393 917 2469 Bavaria,
948 2393 1064 2457 afflictae
1083 2396 1162 2458 Bra·

144 2497 265 2573 brutia,
293 2496 438 2573 Geldria,
459 2495 564 2585 Frisia¹
579 2509 612 2559 et
631 2494 803 2570 Halandia,
823 2506 918 2577 atque
937 2493 970 2557 in
987 2492 1035 2558 nis
1055 2494 1162 2574 patrias

144 2598 284 2661 cladibus
311 2597 434 2659 inventi
455 2607 544 2673 sunt,
574 2597 630 2681 qari
656 2596 788 2679 gloriam
813 2614 945 2679 quinque
970 2593 1161 2657 affectarent.
1242 2582 1244 2586 ¹

146 2697 243 2779 Quasi
261 2718 339 2762 vero
359 2698 558 2782 magnificum
576 2697 633 2772 sit,
658 2695 789 2777 patriam
810 2715 944 2772 vexare,
963 2694 1162 2759 Germaniam

146 2799 300 2863 intestinis
329 2820 365 2861 se
384 2798 528 2863 civilibus
551 2796 640 2863 bellis
658 2796 834 2861 involvere.
872 2795 915 2859 Et
932 2796 1020 2858 multi
1040 2795 1086 2858 sie
1103 2817 1161 2877 pu·

145 2901 261 2962 tabant.
309 2901 403 2964 Adeo
436 2901 545 2963 ueram
573 2897 706 2980 gloriam
729 2917 796 2959 non
820 2895 914 2963 sentit
939 2897 1000 2959 hoe
1019 2907 1161 2977 tempore

147 2998 323 3061 Germania.
361 3003 404 3065 Et
422 3000 537 3065 similes
556 2998 632 3063 mihi
650 2997 798 3060 videntur
820 2995 995 3060 istiusmodi
1014 2997 1161 3072 affectus,

147 3097 334 3182 quibusdam
360 3099 455 3174 cibis,
486 3099 542 3185 qui
568 3112 603 3165 ut
621 3099 786 3180 perhibent
809 3096 941 3174 medici,
972 3098 1071 3160 nullas
1091 3116 1166 3160 cor·

147 3196 234 3280 poris
260 3207 363 3278 partes
393 3218 501 3282 neque
528 3211 664 3282 augent,
701 3220 806 3283 neque
824 3210 1030 3284 conservant,
1059 3196 1165 3263 ventri
1282 3240 1287 3287 1

146 3297 244 3364 modo
271 3298 465 3364 inflationem
494 3298 624 3365 faciunt.
670 3301 750 3367 Nam
771 3298 898 3383 qaudam
916 3312 989 3363 sunt
1007 3298 1162 3374 homiues,
1294 3282 1297 3291 ¹

148 3399 203 3482 qui
222 3409 257 3462 ut
276 3400 359 3462 nulla
370 3398 509 3461 honesto
527 3400 815 3481 laudiseupitlitate
835 3411 1000 3477 leuentur,
1018 3401 1061 3464 ila
1080 3402 1164 3466 cisoa

147 3517 198 3562 res
217 3498 348 3563 frivolas
374 3510 406 3561 et
433 3499 542 3563 inanes
563 3499 718 3570 andsitiosi
739 3512 830 3577 arant,
857 3501 916 3565 illis
935 3502 1058 3586 ignavis
1078 3502 1163 3567 cani·

147 3596 207 3662 bus
221 3597 353 3674 similes,
372 3598 428 3683 qui
447 3599 534 3665 domi
553 3600 720 3665 aaluersum
738 3600 860 3663 cicures
873 3603 1012 3679 audent,
1032 3605 1066 3665 in
1085 3604 1164 3667 silva

148 3718 190 3762 ne
209 3701 350 3779 leporem
368 3699 496 3784 quidem
515 3701 664 3765 suanam.
703 3700 782 3765 Nam
800 3700 854 3762 ulti
874 3701 963 3765 nefas
978 3713 1045 3778 est,
1066 3703 1163 3787 glori·

148 3818 197 3861 am
223 3798 382 3875 affectant,
414 3798 470 3865 ubi
497 3800 611 3875 decus,
638 3797 687 3865 ibi
720 3819 800 3861 vero
827 3793 1075 3864 obdormiscunt.
1118 3778 1163 3864 sit

149 3901 314 3983 magnifice
340 3900 381 3962 de
404 3899 452 3965 his
479 3901 654 3984 lomsuntur
678 3897 745 3974 alii,
774 3910 806 3963 et
831 3899 1018 3963 adulationis
1044 3898 1163 3975 studio,

151 4019 234 4062 arma
263 4000 431 4082 virumque
456 4011 592 4074 canunt,
624 4008 657 4061 et
681 3996 816 4063 invictos
842 3999 1019 4079 praedicant.
1072 4003 1163 4082 Quos

150 4121 214 4182 ego
240 4096 338 4179 jubeo
358 4100 388 4175 a)
420 4099 478 4163 ista
500 4099 655 4163 abstinere
680 4098 919 4181 magnificentia.
963 4101 1097 4165 Stultum
1114 4110 1164 4164 est

150 4199 252 4274 enim,
271 4210 439 4282 antequam
455 4199 504 4263 his
522 4220 598 4265 usus
616 4198 675 4278 sis,
696 4220 780 4266 arm
799 4198 935 4279 iactare,
953 4200 1038 4267 viras
1056 4213 1161 4271 octena

154 4310 346 4337 *dn-n·-

184 4396 216 4478 ⁶)
233 4412 296 4460 tuta
311 4414 386 4473 ριν
398 4422 446 4471 ψ
460 4409 554 4463 Meet
572 4407 752 4464 timendlteue
767 4413 956 4478 Vettonianus.
