2624 5108
469 825 470 828 ¹
511 835 640 911 Oratio
667 835 821 928 Quarta.
896 946 900 955 Ι
1109 842 1176 914 163

153 1029 255 1109 oum
282 1027 397 1090 iterum
424 1046 558 1103 moneo,
590 1028 751 1091 stutim'ad
775 1040 849 1095 tuos
868 1030 945 1096 istos
972 1034 1175 1099 auxiliatores

144 1139 174 1191 te
199 1128 366 1203 conseras,
405 1149 442 1190 ac
472 1128 582 1204 armis,
613 1151 683 1213 quse
705 1142 813 1210 pareto
839 1132 955 1206 habes,
987 1135 1173 1215 experiaris·

143 1230 267 1291 Notum
278 1227 341 1309 jam
352 1240 424 1291 onte
441 1220 502 1290 i'uit
510 1274 519 1304 ,
540 1250 612 1291 oum
625 1241 679 1292 tua
693 1231 945 1296 luxuriosissime
959 1235 1173 1317 prodegisset,

144 1349 183 1391 oo
215 1351 257 1391 aes
290 1328 428 1392 alienum
461 1329 648 1392 immensum
683 1332 912 1408 contraxisses,
955 1336 1176 1401 nouandarum

145 1451 255 1493 rerum
282 1429 389 1492 studio
425 1429 649 1493 inflammatum
688 1432 808 1516 aliquid
857 1445 950 1496 atrox
993 1434 1174 1501 machinari.

146 1531 242 1593 Nune
259 1528 357 1612 igitur
374 1551 446 1593 curn
464 1530 570 1592 omnio
584 1530 762 1611 perdideris
782 1533 901 1611 (omnis
916 1534 1001 1599 enirn
1017 1537 1173 1616 perdidit,

146 1631 204 1715 qui
225 1637 282 1707 eo,
311 1650 377 1715 quo
395 1641 430 1693 tu
448 1630 605 1706 recidisti,
634 1634 794 1711 pervenit)
813 1645 843 1697 te
866 1634 1006 1716 expies,
1036 1657 1072 1700 oc
1089 1636 1174 1703 istud

141 1732 243 1796 seruet
276 1751 393 1794 evome
424 1728 488 1811 jsm
521 1731 576 1795 diu
610 1740 802 1812 conceptum
833 1741 1011 1801 venenum!
1061 1737 1177 1803 Omnis

140 1835 314 1897 adversum
333 1843 364 1894 te
391 1842 516 1913 parata,
548 1852 608 1894 nos
634 1843 725 1895 tuum
748 1833 908 1913 furorem,
943 1848 1016 1901 tuos
1040 1837 1175 1905 insultus

141 1946 312 2016 expectere
331 1931 433 1997 vides.
484 1933 579 1996 Ande
599 1934 740 2009 tandem,
769 1956 806 1999 ec
824 1954 975 2021 erumpe,
1008 1950 1041 2002 et
1057 1937 1092 2001 in
1108 1939 1175 2003 istis

142 2034 207 2099 tuis
225 2034 431 2116 stipatoribus
444 2054 532 2113 spem
546 2033 627 2095 habe
641 2050 679 2095 oo
696 2034 845 2099 fiduciam
862 2040 942 2102 loca.
982 2039 1049 2105 Nos
1065 2052 1177 2106 eontra

140 2160 208 2202 non
221 2136 423 2210 dubitemus,
452 2134 610 2197 neminem
631 2154 692 2197 suo
711 2137 837 2213 decori,
864 2159 928 2201 sure
949 2140 1175 2205 existimationi

143 2239 340 2301 defutumm.
391 2236 494 2299 Ferre
523 2234 641 2298 diutius
667 2237 747 2299 hane
776 2239 913 2315 tamam,
952 2262 1023 2323 qun
1048 2258 1085 2304 se
1115 2250 1175 2313 tuo

146 2338 274 2427 nornine
289 2337 422 2413 invasit,
444 2336 625 2399 Suevorunr
644 2357 723 2419 gens
741 2357 809 2401 non
826 2338 955 2419 poterit.
994 2340 1176 2404 Revoenbit

148 2438 182 2501 in
203 2437 386 2502 memoriam
412 2457 488 2499 suos
509 2433 657 2517 majores.
711 2439 884 2522 Egregium
907 2438 948 2502 de
972 2458 1008 2501 se
1032 2440 1174 2505 omnium

150 2539 332 2619 opinionem
350 2535 434 2601 haud
453 2535 606 2619 negliget.
644 2536 694 2596 Te
712 2535 834 2617 ejecto,
862 2540 917 2603 hes
934 2540 1020 2602 eluet
1041 2536 1172 2620 sordes,

143 2640 224 2703 bane
246 2640 363 2703 famam
389 2637 500 2701 diluet.
552 2638 631 2698 Esse
653 2636 760 2718 itaque
788 2636 865 2700 nihil
889 2650 985 2720 puta,
1019 2643 1109 2724 quod
1130 2644 1171 2706 de

144 2760 311 2824 quoquam
335 2740 419 2801 bene
450 2757 571 2818 speres.
622 2739 784 2818 Qumtum
814 2737 847 2800 in
874 2738 1008 2820 singulis
1035 2753 1099 2819 est,
1139 2754 1173 2805 te

141 2839 318 2905 miserrime
345 2839 528 2902 coniectum
556 2839 678 2901 volunt.
737 2840 812 2920 Quo
837 2837 941 2902 minus
968 2848 1095 2922 aperte,
1135 2864 1173 2907 sc

139 2944 244 3026 palam
271 2940 422 3018 audeant,
466 2941 566 3003 mults
598 2937 701 3001 multis
728 2940 865 3002 obstant.
920 2941 974 3003 Tu
1007 2940 1040 3003 in
1065 2944 1173 3025 petrin

142 3042 394 3125 gubernatione,
427 3039 519 3123 qussi
539 3058 581 3100 ex
606 3038 753 3102 suctione
779 3051 833 3102 out
854 3040 916 3103 sub
935 3042 1021 3103 hasta
1043 3044 1172 3107 emisses

143 3140 244 3218 ittam,
276 3142 383 3205 omnia
407 3139 529 3203 verialia
550 3138 695 3202 habuisti.
735 3141 857 3203 Rerum
883 3141 1061 3221 capitolium
1088 3165 1174 3226 qun·

145 3241 285 3317 stiones,
315 3238 427 3316 exitis,
457 3238 728 3320 proscriptiones,
765 3258 877 3314 neces,
910 3241 1171 3321 deportationes,

143 3362 214 3406 non
240 3344 415 3405 secundum
438 3344 545 3424 leges,
578 3336 636 3402 sed
660 3341 700 3402 sd
726 3352 817 3404 tuum
838 3336 962 3403 libitum
988 3340 1172 3405 exercuisti.

139 3441 268 3505 illicitas
294 3464 367 3505 cum
391 3441 454 3504 reis
485 3439 647 3521 pactiones
680 3438 801 3514 iecisti3
844 3440 1005 3506 redemisti
1032 3439 1171 3521 injusto,

140 3542 297 3607 damnasti
329 3538 523 3616 crudeliter,
568 3537 732 3603 absolvisti
760 3538 1027 3605 libidinosissirue.
1080 3543 1171 3605 Tuos

143 3642 430 3722 depositarum
474 3640 594 3703 alienos
622 3638 797 3717 diripuisti;
835 3641 978 3704 insontes
1010 3640 1170 3719 occidisti;

142 3739 241 3806 sacris
261 3743 398 3807 nefarios
417 3763 527 3807 manus
555 3737 721 3803 admolitus
748 3752 793 3799 es.
843 3739 952 3824 Atque
977 3738 1093 3807 borum
1112 3741 1170 3805 tibi

139 3844 313 3921 conscius,
343 3865 471 3926 sperare
499 3852 604 3905 nmen
627 3837 740 3911 nudes,
771 3846 807 3897 ut
833 3846 865 3897 ¹2
895 3837 959 3913 tui,
990 3839 1036 3904 sic
1058 3841 1114 3904 obs
1137 3853 1169 3903 te

139 3943 258 4021 trebiri,
277 3958 380 4009 tutum
399 3941 506 4006 velint·
545 3942 660 4023 Neque
676 3957 718 4000 en
737 3954 778 3997 eo
798 3932 856 4000 tibi
873 3947 974 4001 metus
991 3949 1057 4014 est,
1079 3938 1170 4020 quod

139 4054 175 4106 te
197 4044 323 4122 odium,
352 4041 570 4115 acerbitatem,
598 4050 629 4101 et
647 4037 678 4115 *)
698 4055 865 4098 commune
892 4038 994 4097 scelus
1016 4057 1083 4097 non
1105 4034 1169 4114 jam

139 4144 341 4222 existimant,
356 4144 411 4207 sed
425 4145 526 4225 polam
542 4141 746 4222 proclament.
784 4138 838 4200 Au
849 4133 981 4216 alicujus
996 4134 1170 4199 obscurum

138 4246 184 4309 de
214 4256 246 4308 te
263 4244 418 4328 judicium
439 4255 505 4319 est,
531 4262 604 4305 cum
632 4238 757 4320 publice
778 4236 895 4319 scripto
919 4234 952 4297 iu
976 4247 1008 4298 te
1032 4233 1168 4298 cumina

176 4477 206 4543 ⁰)
224 4492 266 4543 st,
283 4496 318 4531 sc.
