2624 5108
150 843 217 916 tte
384 842 426 916 In
451 839 635 915 Ulrichum
660 842 908 944 Wirtenberg.

147 1035 291 1097 omnibus
306 1033 425 1097 seculis
443 1035 691 1097 memorandam!
723 1056 744 1098 o
761 1047 802 1101 te.
813 1038 899 1099 nullo
912 1036 1054 1119 pudore,
1074 1042 1159 1105 nidis

147 1134 285 1208 ratione,
322 1136 408 1196 nullo
434 1152 529 1196 sensu
553 1134 731 1214 praeditum!
771 1136 824 1201 Ad
856 1158 927 1220 quse
957 1139 1009 1199 vel
1035 1138 1158 1205 hiscere

147 1234 446 1316 impudentissimum
458 1244 542 1309 erat,
562 1230 602 1296 nd
614 1254 651 1295 ea
661 1245 695 1297 tu
712 1237 905 1317 respondes,
925 1249 958 1299 et
969 1237 1015 1299 sic
1025 1261 1158 1321 respon·

145 1337 218 1411 des,
233 1355 240 1365 ·
257 1346 291 1397 ut
320 1335 395 1397 nihil
423 1332 559 1396 dicendo
589 1336 694 1410 eluas,
733 1335 789 1398 sed
813 1335 1087 1421 inquinatissimn,
1103 1339 1160 1403 tibi

143 1436 256 1498 mentis
266 1432 429 1508 conscius,
448 1433 611 1497 maledieta
622 1435 656 1497 in
666 1455 743 1509 nos,
763 1437 880 1500 anullis
894 1438 1010 1502 nostris
1023 1439 1160 1533 ἅψεα

142 1533 280 1608 metitis,
301 1533 358 1594 sed
370 1553 411 1593 ex
426 1532 646 1597 recordatione
659 1537 813 1599 scelerum
823 1526 951 1600 'tuorum
960 1538 1158 1623 depromptu,

143 1631 299 1704 evomas?
325 1631 458 1712 Quoties
477 1633 561 1697 enim
579 1634 740 1698 audiemus
760 1636 821 1698 hoc
838 1637 951 1699 tuum?
976 1638 1158 1721 Pejernvit,

142 1743 237 1804 fidem
252 1738 355 1801 datum
366 1728 486 1796 tetettit.
508 1734 621 1798 Necari
631 1737 760 1811 meruit3
772 1737 850 1799 mide
860 1738 1009 1803 meritum
1022 1739 1158 1819 punivi?

142 1841 204 1906 Dic
225 1840 368 1914 tandem,
404 1855 469 1921 qus
492 1833 528 1897 in
547 1856 584 1898 re
604 1836 700 1899 iidem
721 1836 859 1900 fefellit?
889 1849 942 1901 sut
962 1836 1041 1921 quid
1065 1836 1155 1920 peje.

142 1941 243 2008 ravit?
274 1941 369 2003 Istam
386 1932 481 2001 nobis
495 1952 622 1999 causum
638 1954 775 2016 expone.
814 1937 904 2000 istud
916 1939 996 2001 mele
1008 1940 1156 2004 meritum

141 2046 267 2124 planum
285 2040 352 2102 sac!
384 2039 454 2103 Jam
471 2049 594 2120 tempus
611 2046 676 2111 est,
695 2047 730 2098 ut
744 2048 834 2098 tuum
847 2038 965 2102 factum
983 2039 1156 2117 defendes,

141 2163 213 2206 nam
240 2163 304 2223 qun
329 2160 413 2203 nunc
441 2136 561 2215 uteris,
599 2138 684 2200 nudo
711 2137 857 2201 defensio
882 2150 940 2203 est.
988 2139 1075 2203 Dum
1096 2140 1154 2203 isu

141 2240 333 2316 conficiens,
364 2248 459 2301 exte
477 2237 555 2300 alios
577 2236 680 2322 fingis.
726 2237 790 2300 Sed
808 2238 884 2302 nihil
900 2240 983 2323 egis,
1014 2240 1104 2324 quod
1121 2254 1155 2303 et

141 2355 251 2407 notum
270 2350 333 2417 est,
362 2339 441 2424 quid
456 2350 491 2402 tn
509 2338 720 2414 commiseris,
751 2334 786 2400 et
800 2338 830 2417 ἢ)
849 2349 995 2415 testatum
1018 2341 1155 2424 qualiter

140 2446 192 2507 ille
207 2443 342 2517 vixerit,
370 2441 421 2509 cui
439 2452 473 2503 tu
489 2453 614 2503 mortuo
633 2439 753 2503 crimen
770 2438 915 2520 imputas.
954 2441 999 2503 Ar
1014 2440 1153 2505 invictis·

141 2544 237 2607 simus
256 2543 379 2617 Cesar,
398 2540 562 2604 fortissimi
577 2539 733 2622 principes
751 2561 788 2600 ac
803 2540 864 2603 uiri
879 2541 1028 2603 Germani
1044 2543 1153 2604 auttirc

141 2644 293 2725 cupiunt,
314 2664 408 2726 quam
425 2653 464 2704 tu·
479 2663 579 2705 causae
596 2652 655 2700 tuse
675 2639 849 2721 nequitatem
865 2639 1028 2719 presseras,
1062 2641 1152 2722 quod

141 2744 205 2825 juri
225 2755 281 2806 tuo
296 2743 534 2805 fundamentum
552 2740 733 2815 substituas,
764 2738 852 2821 quod
873 2738 1026 2799 maleficio
1043 2750 1154 2822 patrm

142 2844 258 2906 cinium
276 2852 437 2920 praetexas.
476 2842 583 2920 Quare
599 2839 712 2901 iterum
730 2838 784 2899 abs
799 2847 830 2899 te
848 2849 939 2918 peto,
966 2859 1039 2900 cum
1057 2840 1152 2901 toties

143 2940 346 3021 perfidiosum
362 2958 475 3013 voces,
495 2939 587 3000 toties
607 2951 704 3018 ruptae
721 2937 798 3000 fidei
811 2937 940 3000 crimine
961 2937 1150 3017 perfundas,

144 3040 221 3121 quid
239 3039 364 3100 tandem
388 3049 449 3114 cst,
486 3037 518 3099 in
550 3060 614 3121 quo
641 3033 735 3100 'ficiem
759 3036 810 3099 itte
835 3036 891 3099 tihi
915 3037 1039 3119 fregit?
1074 3041 1152 3120 Quae

142 3139 252 3203 scaris?
272 3140 360 3222 quod
374 3135 616 3220 jusjurandum?
636 3138 732 3218 Quod
746 3135 948 3218 perjurium?
974 3138 1153 3201 Dicendum

141 3239 198 3303 tibi
215 3239 279 3323 jam
292 3261 393 3315 nunc,
426 3238 551 3324 siquid
576 3238 681 3300 habes.
720 3237 858 3301 Differre
875 3239 994 3300 abhoc
1017 3239 1152 3302 dienon

140 3342 222 3402 licet.
265 3343 317 3403 An
343 3339 427 3421 apud
451 3339 520 3400 iltos
547 3338 723 3400 inferorum
751 3335 872 3417 judices
899 3337 972 3400 facti
999 3340 1154 3403 rationem

143 3442 216 3523 quia
227 3439 360 3513 reddes,
380 3440 430 3499 hic
444 3438 535 3500 reddi
556 3460 621 3500 non
640 3437 826 3517 oportebit?
845 3439 914 3501 Nisi
927 3449 1009 3500 tanta
1029 3437 1154 3501 tristitia

141 3553 230 3601 tuum
249 3542 366 3599 factum
389 3557 497 3601 omnes
516 3538 684 3611 affecisset,
711 3548 746 3598 ut
767 3536 801 3599 in
818 3558 937 3600 summa
954 3536 1155 3602 commisera-

142 3640 229 3700 tione
257 3637 334 3699 nulii
357 3638 444 3700 tusus
475 3638 531 3714 sit,
570 3637 714 3719 profecto
739 3637 890 3701 ridiculus
915 3649 951 3699 tu
968 3657 1068 3700 cause
1092 3650 1156 3699 ture

141 3724 230 3802 ector
256 3737 290 3799 in
317 3738 378 3802 hoc
405 3736 557 3818 judicium
585 3736 741 3811 venisses,
786 3737 842 3798 ubi
867 3737 1000 3819 septimo
1029 3737 1153 3799 decimo

142 3859 267 3914 mense,
287 3851 452 3921 postquam
465 3838 582 3918 punisti
597 3858 687 3900 reum
704 3839 753 3914 (ut
767 3837 828 3898 tuis
846 3837 971 3899 interim
988 3834 1092 3899 verbis
1104 3837 1154 3912 ω)

143 3939 226 4016 nter)
255 3958 399 4013 accusas,
436 3938 603 4000 interiecto
627 3941 748 4017 culpam
772 3936 934 4020 adsignas,
970 3949 1056 4000 tnnto
1081 3948 1154 4000 ante

142 4038 285 4122 jugulato
308 4039 412 4101 abste
435 4036 552 4110 crimen
570 4036 720 4118 adfingis,
747 4036 780 4098 in
805 4050 965 4099 mortuum
987 4038 1081 4112 dicis,
1118 4058 1156 4097 sc

143 4141 219 4205 istos
244 4135 478 4219 impientissime
503 4133 661 4197 carnifex!
694 4155 799 4198 munes
820 4137 986 4212 sollicitas,
1016 4137 1157 4199 cinerem

143 4259 268 4314 mores,
290 4257 361 4300 ossa
376 4246 550 4298 contrectes
566 4236 657 4310 tml?
684 4235 769 4317 Quid
787 4237 869 4299 rdtra
883 4237 1024 4301 conabor
1039 4236 1154 4320 igitur,

177 4466 207 4531 ’)
220 4485 246 4527 oe
256 4512 263 4535 ‚
275 4478 312 4527 Et.
333 4464 377 4525 ”J
388 4477 438 4521 rats
448 4475 575 4534 -nsrbts,
588 4477 756 4526 ruo-vens
776 4465 836 4535 m)
850 4482 1001 4531 contractet,
1014 4476 1159 4524 conmotis·
