2624 5108
190 883 262 967 492
568 880 833 961 Exhortatoria

190 1076 295 1157 major
312 1078 397 1141 nulla
414 1086 472 1139 est.
508 1074 654 1159 Reliqua
678 1074 777 1153 vitu,
805 1070 1062 1149 mnata,
1092 1082 1125 1137 et
1142 1094 1218 1158 qua

188 1176 267 1243 niltd
281 1177 432 1242 momenti
444 1176 593 1251 habeant,
613 1172 940 1260 quodinmagniviri
952 1172 1092 1239 minium
1101 1176 1217 1238 cadere

190 1276 324 1363 dignum
342 1276 394 1340 sit.
430 1276 586 1340 Nimirum
609 1274 713 1339 inutili
739 1276 912 1341 ambitione
936 1296 997 1338 vos
1020 1274 1062 1337 ab
1084 1274 1221 1339 amicitia

142 1364 146 1371 ¹
188 1396 228 1440 ao
254 1389 365 1441 mittun
389 1376 519 1439 caritate
548 1376 757 1441 abstrahente.
808 1378 889 1441 Nam
916 1386 953 1440 ut
982 1374 1042 1440 ista
1070 1376 1223 1459 praeclara

190 1474 320 1553 dicatis,
349 1496 387 1539 ao
402 1476 491 1541 forro
509 1488 542 1538 et
559 1475 626 1561 igni
649 1478 871 1561 persequenda
888 1477 1028 1558 putetis,
1056 1478 1147 1561 quod
1166 1477 1223 1539 ali·

190 1576 265 1661 quis
281 1574 490 1661 promritus
507 1576 567 1638 sibi
584 1598 677 1641 suurn
696 1578 888 1654 detractum,
908 1578 943 1642 in
961 1600 1050 1643 suam
1066 1580 1225 1642 ditionem

189 1694 389 1741 eoncessum.
409 1676 507 1757 Quod
527 1678 606 1741 alius
630 1676 775 1761 arguitur
791 1690 912 1743 temere
932 1702 966 1743 so
985 1680 1082 1743 rebus
1103 1678 1224 1743 immis-

189 1776 296 1841 cuisse
326 1774 456 1851 alianis,
494 1777 571 1841 alius
598 1778 737 1844 turbatas
765 1780 826 1843 sibi
853 1781 1072 1863 possessiones
1098 1781 1223 1855 clamet,

190 1878 349 1961 pulsatum
378 1874 537 1953 uillicum,
568 1898 606 1941 ac
636 1880 842 1943 homuncioni
867 1882 933 1947 vim
963 1880 1094 1955 illatam,
1126 1900 1225 1965 quam

189 1976 254 2041 nisi
278 1974 388 2038 ulcisci
412 1976 481 2055 ipse
507 1980 591 2041 ultro
616 1980 737 2058 cupiat,
772 1982 823 2044 itte
843 2002 884 2043 ue
905 1992 1058 2065 queratur
1078 1980 1222 2064 quidem,

191 2090 229 2143 nt
247 2078 377 2165 iuquam
395 2077 577 2161 hujusmodi
597 2082 744 2161 praeclara
763 2082 841 2157 siut,
862 2092 894 2143 et
914 2082 957 2145 ob
975 2104 1013 2145 ea
1032 2079 1225 2144 viudtemdr

192 2183 305 2244 eoelrrm
337 2193 429 2246 terrra
463 2202 524 2246 vos
556 2181 690 2245 miseere
722 2181 914 2257 conveniat,
958 2183 1024 2243 hae
1055 2182 1223 2265 ‹promodo

191 2280 337 2351 ferentina
368 2282 509 2359 diutius,
548 2280 592 2345 ola
621 2294 813 2365 proreptum
840 2283 966 2345 isannem
996 2281 1137 2357 tilulum,
1179 2282 1225 2343 ob

192 2383 392 2464 superiorem
410 2382 543 2464 petitum
561 2382 903 2458 incommodorum,
924 2383 967 2444 ob
985 2382 1115 2466 aliquod
1133 2402 1227 2445 arro·

192 2484 318 2567 gautius
347 2487 505 2565 prolatum
534 2482 684 2558 verbum,
720 2484 764 2545 ob
788 2504 827 2546 ea
854 2504 924 2567 quas
950 2503 994 2544 ex
1024 2494 1228 2547 stemmatum

192 2580 363 2667 jactatione
398 2583 500 2647 oritur
538 2586 771 2659 offensionem,
817 2584 922 2650 omnia
956 2583 1107 2646 ferociter
1141 2584 1228 2665 agi?

195 2685 301 2751 omnia
327 2685 507 2747 hostiliter?
540 2686 646 2751 omnia
666 2683 865 2748 crudeliter?
902 2684 1020 2747 Audite
1047 2706 1097 2746 me
1124 2682 1229 2768 igitur

192 2806 261 2851 nou
279 2785 334 2849 inu
351 2785 432 2847 iliter
450 2797 648 2861 monentem,
668 2804 729 2847 neo
745 2784 869 2865 penitus
890 2783 1052 2867 ignauam,
1072 2786 1112 2846 de
1130 2786 1230 2849 vobis

195 2885 372 2950 Germaniae
401 2887 517 2966 vulgus
547 2887 626 2971 quid
651 2887 786 2963 sentiat,
827 2878 1087 2969 quandoquidem
1113 2886 1229 2963 audio,

193 2986 273 3071 quid
293 2990 452 3071 loquatur.
491 2985 543 3048 Sic
570 2986 686 3069 passim
712 2987 811 3065 ajunt.
850 2986 950 3049 Ferre
969 3006 1154 3067 possumus,
1188 2998 1230 3048 ut

192 3085 287 3151 nobis
307 3088 463 3169 imperent
481 3087 548 3163 isti,
569 3099 604 3151 ut
624 3110 682 3151 uos
702 3085 929 3160 comminuant,
950 3106 988 3151 ao
1003 3086 1035 3159 ¹⁶)
1048 3088 1227 3161 destruant,

194 3186 282 3251 farre
296 3207 363 3248 non
375 3187 562 3268 poterimus.
583 3188 763 3271 Aliquando
781 3187 936 3271 quosdam
949 3196 1093 3267 memus
1105 3186 1230 3264 tontes,

193 3288 281 3352 uude
307 3287 367 3351 ista
398 3300 542 3350 emanant
573 3289 680 3351 exitia.
730 3288 911 3372 Aliquando
941 3298 1054 3351 oontra
1079 3286 1233 3353 morbida

195 3388 317 3468 capita,
352 3389 439 3449 unda
464 3388 515 3451 isti
541 3389 738 3450 descendunt
765 3389 947 3468 pestilentes
970 3386 1091 3463 morbi,
1127 3386 1162 3451 vi
1191 3408 1233 3453 ae

196 3486 348 3547 violantia
376 3474 588 3567 inmrgemus.
638 3488 908 3571 Qiraudoquidem
935 3488 1140 3569 pereundam
1167 3500 1232 3567 est,

195 3583 269 3646 tnali
295 3584 440 3646 solatium
466 3585 544 3661 erit,
575 3606 637 3647 una
664 3607 736 3649 cum
762 3587 808 3649 his
836 3589 892 3672 qui
920 3588 1106 3671 perditionis
1131 3608 1234 3655 musa

195 3684 345 3761 tuarum,
370 3685 487 3765 parire.
525 3687 602 3747 Haec
622 3687 665 3749 illi
685 3689 815 3771 quidem
834 3691 1027 3774 loquuntur,
1051 3710 1089 3753 aa
1108 3708 1233 3755 vereor

196 3807 238 3851 ne
259 3785 316 3869 qui
334 3785 413 3861 siut,
456 3788 512 3870 qui
531 3786 593 3870 jam
612 3789 719 3851 lacere
740 3810 872 3877 quoque
898 3788 925 3853 si
951 3790 1088 3871 possint,
1116 3791 1231 3867 velint,

196 3886 255 3971 qui
283 3887 316 3948 in
340 3908 399 3948 vos
426 3887 537 3953 durius
564 3894 748 3969 cousulant,
776 3892 833 3975 qui
859 3892 900 3953 ad
923 3890 1031 3953 ulfima
1055 3890 1234 3974 adspirent.

197 3989 415 4069 Quamobrem
438 3998 562 4071 tempus
582 4002 645 4067 ert,
666 3989 850 4073 Prmoipea,
874 3990 1012 4053 internas
1031 4010 1234 4073 componere

197 4086 288 4162 lites,
329 4110 365 4151 ae
398 4089 526 4170 penitus
557 4091 769 4171 extinguere,
809 4100 844 4155 ot
872 4100 985 4155 eontra
1015 4090 1139 4153 Turcas
1172 4092 1235 4155 hae

199 4184 416 4253 animadversa
438 4188 626 4265 occasione,
647 4190 790 4253 alaoriter
814 4210 874 4255 nos
898 4189 1083 4254 invadentes
1109 4192 1237 4277 aliquid

200 4287 342 4367 aggredi.
381 4291 524 4375 Tempus
543 4300 611 4367 est,
640 4290 789 4378 inquam,
820 4292 1023 4357 concorditer
1039 4302 1152 4356 mutua
1171 4313 1238 4357 nos

205 4416 398 4444 ⁸⁸⁸⁸*-

286 4523 332 4557 ao:
357 4516 392 4565 ul.
443 4518 446 4523 '
