2838 4734
271 463 340 534 ala
715 449 843 524 Oratio

272 646 438 714 cumberti.
488 647 539 708 De
569 663 635 726 quo
667 642 798 704 brevem
827 639 882 703 tibl
917 640 1081 705 Germania
1111 661 1295 705 sermonem

272 747 451 826 subjiciam,
474 763 653 826 quanquam
674 741 748 802 nihil
769 741 844 801 novi
864 762 882 802 a
902 760 951 803 me
970 742 1094 818 audies,
1123 745 1210 824 quod
1230 765 1293 824 per

273 849 404 926 inclytos
426 854 498 905 tuos
519 839 676 922 principes
699 861 765 902 non
789 839 898 902 melius
925 840 1022 903 noris.
1069 841 1293 922 Quadriennio

272 946 409 1012 habitum
432 945 548 1010 noma
562 939 729 1003 concilium
749 951 871 1018 patrum
890 941 930 1002 de
941 942 1101 1022 republica
1113 939 1296 1006 Christiana

271 1048 382 1128 (quam
401 1041 539 1124 legitime
554 1037 742 1122 jamisperiti,
759 1050 791 1100 et
804 1039 943 1122 theologi
956 1040 1132 1120 disputent)
1146 1043 1293 1102 nondum

270 1157 338 1207 erat
360 1143 450 1216 linis,
488 1149 685 1202 tamencum
708 1139 749 1200 de
773 1139 955 1222 colligendis
981 1140 1119 1204 Decimio
1149 1141 1291 1204 omniurn

269 1265 396 1308 assensu
415 1243 576 1304 decretum
593 1249 658 1314 est,
679 1240 806 1300 volutus
827 1251 893 1300 erat
911 1239 987 1320 lapis
1007 1241 1046 1300 ad
1061 1242 1165 1302 locum
1184 1261 1291 1301 sunm.

269 1343 391 1410 Placuit
410 1361 508 1422 ergo,
539 1331 661 1420 rejecto
684 1338 808 1420 reliquo
828 1333 978 1419 negotio,
1006 1349 1153 1421 tanquam
1176 1357 1291 1420 parurn

268 1445 350 1517 uritt,
365 1444 513 1503 invocato
531 1449 638 1500 sancto
655 1437 781 1519 spiritu,
795 1437 961 1498 concilium
975 1437 1142 1501 dimittere.
1166 1439 1292 1501 Gratiae

268 1542 394 1624 agendo
415 1542 505 1614 Deo,
530 1561 587 1617 per
613 1559 707 1619 quem
726 1536 928 1615 operationes
947 1549 1059 1600 nostrae
1076 1538 1290 1618 incipiuntur,

269 1653 301 1703 et
315 1651 421 1720 coeptas
437 1650 523 1700 reete
541 1638 704 1708 finirentur.
743 1623 872 1698 Porro
863 1637 993 1716 impium
1015 1647 1079 1710 cst,
1100 1637 1188 1718 quod
1208 1658 1292 1698 con·

267 1741 340 1804 oilie
354 1739 484 1822 placuit,
492 1738 525 1802 id
535 1749 644 1818 putare
655 1736 915 1816 displicereDeo‚
933 1757 998 1818 quo
1009 1738 1072 1798 lucc
1084 1749 1220 1818 aguntur
1232 1757 1291 1798 ara-

268 1853 348 1906 tore.
370 1841 504 1919 Depace
513 1849 617 1912 aomu
629 1835 710 1898 mter
722 1855 830 1914 reges
844 1836 1137 1918 quammammm
1147 1857 1288 1900 ernanum

267 1938 423 2034 saaffragiis
438 1936 575 2000 Asiatico
594 1934 676 1998 besti
693 1931 872 2013 cosrjunctis
887 1935 1007 1996 viribus
1024 1936 1137 1998 bellum
1157 1935 1294 2008 inferre,

267 2043 468 2104 Ειοιιιιιιιιιιι
489 2059 507 2098 e
529 2035 664 2114 uestigio
684 2046 823 2117 quatuor
844 2034 938 2114 legati
968 2045 977 2108 ι
989 2034 1049 2098 ulsi
1072 2035 1114 2096 ob
1142 2033 1291 2116 quintum

267 2142 419 2222 collegam
439 2147 470 2198 et
493 2133 535 2196 ob
558 2143 738 2214 computum
762 2135 951 2212 erraverim)
975 2131 1014 2198 ad
1035 2134 1178 2196 arationes
1193 2133 1288 2195 Clui-

268 2240 397 2313 stianae,
423 2246 458 2298 nt
477 2255 569 2315 reges
589 2244 620 2294 et
637 2233 795 2315 principes
816 2234 857 2295 ad
874 2234 1105 2312 expeditionem
1126 2232 1287 2312 irretiat-nt.

268 2339 334 2419 Ipsi
358 2355 436 2398 vero
463 2331 626 2414 preamium
642 2323 825 2413 'mulgarium
864 2333 978 2415 quibus
1003 2330 1087 2396 lorte
1113 2331 1292 2406 dicebatur.

266 2439 316 2502 lte
342 2437 374 2500 in
404 2436 514 2498 orbern
542 2435 724 2497 auriversum
750 2431 915 2514 praedicate
941 2432 1096 2496 dicentes:
1130 2432 1191 2520 Qui
1216 2449 1286 2492 cre-

267 2537 400 2610 diderit,
422 2547 458 2598 el
465 2531 610 2598 Decimae
623 2532 772 2608 solverit,
785 2535 889 2596 salvus
908 2529 976 2594 erit.
1016 2533 1160 2620 Οιιοιιιιιι
1172 2551 1285 2612 nuper,

267 2657 337 2699 sum
348 2633 500 2698 Bononia·
512 2653 666 2705 essemus,
683 2643 747 2695 tres
761 2629 895 2694 vidimus
906 2629 1044 2712 ingredi,
1062 2637 1146 2694 larda
1157 2651 1282 2713 pompa,

267 2746 300 2804 et
318 2745 488 2816 apparatu,
521 2744 555 2794 ιιι
566 2731 734 2812 sapientes
759 2730 798 2792 ad
817 2747 928 2792 eorum
948 2749 1089 2794 errorem
1115 2731 1286 2797 allicerent.
1378 2747 1383 2756 ·

265 2835 411 2946 Dilatate,
425 2833 531 2912 inelytr
542 2829 689 2894 Genuam
700 2829 886 2910 ,imperium
895 2825 1115 2894 Christianum.
1135 2831 1286 2913 Frangite

267 3030 349 3103 bite,
365 3049 430 3111 quo
445 3049 559 3090 nomen
572 3026 686 3106 Christi
695 2969 897 3095 extendatur.
923 3030 989 3090 Res
1002 3030 1052 3108 pia
1062 3041 1094 3089 et
1105 3041 1208 3092 sancta
1223 3041 1282 3106 est,

268 3137 300 3191 et
327 3149 344 3190 a
369 3126 497 3188 nomino
518 3109 623 3206 potest*
647 3125 864 3206 reprehendi,
888 3127 948 3188 silai
975 3127 1031 3210 qui
1055 3128 1137 3210 malit
1157 3131 1282 3204 'l'urcre,

268 3246 363 3310 quam
387 3223 513 3290 Christo
534 3226 664 3288 aenne.
689 3227 831 3312 ¹Verum
857 3225 915 3288 sub
941 3229 1002 3308 hoc
1024 3239 1193 3308 pretextu,
1224 3249 1283 3307 per

248 3327 347 3390 ”haue
364 3327 466 3388 fictam
481 3322 642 3404 pietatem,
663 3328 721 3390 sub
739 3327 800 3389 hoc
818 3327 1105 3398 umbretnnomine
1122 3329 1282 3410 expoliare

268 3426 496 3509 imperitiorem
523 3430 695 3508 populum,
725 3445 840 3508 sugere
870 3429 916 3488 lae
945 3427 1104 3506 gentium,
1135 3427 1281 3490 inebriari

269 3527 432 3594 mammilla
459 3545 586 3606 regum,
625 3529 707 3587 duco
736 3530 837 3600 scelus
864 3549 932 3590 esse
960 3530 1056 3589 rrudtu
1080 3527 1282 3609 probabilius,

192 3647 193 3652 ¹
270 3649 364 3710 quam
375 3649 444 3708 quae
455 3648 473 3686 a
484 3627 590 3690 anca
601 3626 789 3686 inseruntur.
799 3629 870 3686 Non
886 3628 1055 3708 qnodtanti
1066 3629 1176 3690 faciam
1188 3649 1282 3710 pecu·

270 3725 320 3788 aia
335 3724 468 3805 privari.
499 3729 615 3806 (quma
631 3725 798 3804 sceleratus
814 3723 905 3786 citius
918 3747 1017 3807 quarn
1031 3725 1149 3806 probus
1168 3727 1283 3788 babere
1387 3763 1388 3787 t

269 3825 392 3903 potest)
418 3823 476 3886 sed
502 3823 591 3904 qued
615 3824 700 3883 nullo
727 3832 817 3901 pacto
838 3823 922 3886 serre
943 3817 1093 3912 debemus
1113 3828 1282 3907 (quantum
1386 3891 1387 3899 χ

270 3921 303 3984 in
320 3921 412 3984 nobis
428 3923 495 3998 cst)
511 3933 544 3982 ut
560 3923 687 4000 angelus
696 3919 813 3982 Satanae
828 3925 1028 4008 transfiguret
1043 3947 1079 3986 se
1093 3924 1123 3986 in
1138 3927 1283 4004 angelum
1385 3987 1386 4009 χ

271 4020 364 4096 lueis,
394 4033 425 4083 et
450 4021 566 4102 poculo
586 4017 724 4102 pientia
750 4020 902 4102 propinet
926 4022 1089 4102 impietatis
1115 4043 1281 4098 venereum,
