2624 5108
380 1268 618 1339 Ulricbus
655 1272 710 1335 de
748 1273 931 1335 Huttcn

638 1464 680 1519 sd

259 1640 1041 1737 Crotum·Rubianum5.

135 2061 268 2177 Accipe
295 2097 394 2183 igitur
417 2101 480 2163 boc
510 2099 680 2165 tibi-Nihil
707 2112 818 2180 cipes,
856 2102 947 2183 quod
975 2112 1044 2163 toto
1073 2122 1161 2165 suno

133 2200 285 2281 scriptum
311 2224 329 2265 a
358 2223 409 2266 me
432 2214 626 2285 conquestus
651 2222 707 2279 es,
742 2200 842 2285 idque
863 2200 898 2264 in
928 2202 1060 2285 epistola
1086 2214 1160 2279 tus,

134 2306 274 2388 quodum
293 2304 384 2389 qumi
406 2303 528 2387 tragico
549 2306 673 2385 ploratu
696 2300 796 2367 vicies
819 2302 955 2387 repetis,
987 2301 1078 2387 quasi
1101 2304 1163 2389 qui

132 2406 207 2471 nihil
236 2419 304 2482 est,
345 2408 449 2472 abeo
475 2404 595 2495 aliquid
621 2400 824 2488 extorquere
848 2402 950 2468 licent.
1006 2406 1051 2468 At
1073 2424 1164 2469 nunc

131 2508 235 2591 ipsum
255 2510 331 2574 illud
353 2508 431 2573 nihil
450 2508 490 2573 ud
509 2520 542 2569 te
560 2508 673 2583 mitto,
706 2504 800 2568 etita
822 2503 931 2581 mitto,
967 2516 1005 2569 ut
1021 2508 1162 2573 Nomine

131 2610 313 2691 perferente
332 2609 477 2691 accipias.
527 2608 663 2691 Quicum
691 2604 775 2671 enim
793 2606 910 2671 rectius
929 2607 1034 2687 Nihil,
1065 2630 1161 2693 quam

99 2744 102 2751 ·
130 2733 204 2775 cum
216 2713 350 2777 Nemine
367 2722 527 2787 versatur,
548 2731 621 2773 cum
638 2708 834 2772 Nemonibil
850 2706 966 2771 scribat
983 2730 1022 2773 ec
1036 2708 1162 2775 locist?

130 2814 194 2877 Sed
216 2809 277 2891 iam
294 2834 391 2877 nosse
408 2813 476 2889 ris,
507 2812 594 2875 uude
612 2813 673 2874 hoc
691 2820 822 2891 repente
843 2822 1068 2875 commentum.
1104 2814 1161 2875 Ex

128 2932 281 2997 perversu
313 2918 407 2975 erote
431 2911 594 2976 hominum
624 2911 797 2991 opinione,
841 2912 934 2975 simul
958 2924 1012 2977 tua
1038 2912 1162 2996 tragica

128 3012 271 3093 epistole.
308 3012 391 3077 Num
407 3022 444 3075 ut
459 3024 495 3075 tu
514 3012 590 3075 nihil
609 3034 627 3074 a
646 3032 697 3073 me
719 3011 814 3073 scribi
836 3014 1003 3097 quereris,
1024 3012 1068 3075 its
1083 3026 1164 3089 uuit

126 3112 287 3189 homiues,
334 3112 393 3197 qui
426 3113 454 3177 si
492 3113 571 3197 quid
604 3112 722 3174 scribas
754 3111 849 3177 ctiam
878 3125 930 3176 sut
960 3114 1077 3191 facias,
1126 3126 1164 3179 et

128 3214 230 3297 ipsum
252 3215 347 3291 illud,
376 3227 408 3279 et
426 3226 458 3276 te
479 3226 622 3278 sutorem
640 3203 716 3277 nihil
739 3212 854 3277 dicent.
898 3212 937 3278 ln
954 3236 992 3278 ea
1011 3226 1162 3298 tempora

126 3318 314 3392 incidimus,
335 3319 367 3380 in
387 3316 419 3380 id
436 3313 524 3387 vulgi
544 3312 696 3392 judicium
718 3314 963 3379 succumbimus.
1002 3318 1035 3379 Si
1054 3319 1160 3383 adhuc

127 3417 205 3497 quid
231 3419 290 3479 sibi
315 3420 377 3479 boc
398 3414 475 3476 velit
498 3413 581 3476 Nihil
612 3416 753 3491 dubitas,
790 3414 898 3496 priora
925 3418 1081 3495 revolve,
1119 3440 1159 3483 ac

127 3517 271 3597 quinetiam
293 3526 329 3577 ut
353 3514 556 3597 contigerunt
583 3516 617 3579 in
635 3516 821 3580 memoriam
844 3536 973 3579 revoca.
1021 3517 1160 3583 Pericu-

125 3616 191 3677 lum
213 3614 317 3678 iecisti
336 3634 477 3691 mecum,
510 3616 587 3701 quid
608 3628 807 3695 mereantur,
836 3617 892 3701 qui
914 3617 1033 3698 optima
1052 3620 1159 3685 studia

126 3714 357 3781 studiosissime
376 3717 485 3781 sectati
507 3717 589 3781 suut.
634 3716 757 3798 Nempe
779 3728 814 3780 ut
840 3716 916 3781 nihil
942 3718 1091 3783 didicisse
1123 3732 1160 3784 et

124 3814 186 3896 ipsi
207 3820 350 3883 homines
371 3818 457 3882 nihili
478 3820 621 3883 dicautur
646 3819 819 3897 propalam.
870 3821 943 3901 Qua
969 3819 1003 3883 in
1028 3838 1064 3882 re
1089 3820 1157 3881 cle-

124 3920 297 3984 mentiores
321 3920 423 3985 adhuc
448 3920 572 4000 judices
599 3930 750 4000 expertus
779 3940 832 3995 es,
864 3942 960 4004 quum
980 3940 1059 4005 ego,
1094 3921 1157 4005 qui

125 4033 198 4098 post
215 4032 263 4083 tot
286 4044 441 4085 annorum
465 4042 566 4084 meam
585 4041 643 4101 per
662 4022 825 4100 Europum
844 4020 1154 4103 peregrinationem,

125 4131 173 4182 tot
195 4123 284 4184 aditis
308 4122 474 4199 periuriis,
513 4132 560 4183 tot
590 4122 748 4185 exhaustis
776 4122 1019 4201 calamitatibus,
1058 4121 1153 4188 nullis

123 4241 189 4283 non
211 4224 355 4287 erumnis
373 4221 522 4299 afflictus,
548 4242 623 4287 cunr
638 4220 765 4285 tandem
787 4223 827 4286 ad
852 4244 941 4287 meos
965 4224 1149 4303 rediissem,

124 4321 202 4405 quid
236 4323 320 4386 aliud
345 4342 475 4405 sperare
505 4322 619 4403 debui,
659 4342 755 4409 quum
786 4325 929 4393 homiues
959 4326 1059 4413 longe
1084 4324 1149 4392 mei

122 4446 318 4463 m

154 4504 189 4562 ‘i
203 4514 316 4561 taraus
333 4517 364 4563 sd
381 4464 713 4567 tuncrummi⁹nm.
