2624 5108
57 1353 60 1359 ⁵
104 1366 346 1443 Richardo
372 1371 543 1466 croco,
571 1371 738 1472 Angla,
770 1375 932 1453 multis
957 1380 1116 1456 sibiet

200 1494 381 1590 magnis
404 1494 850 1574 necessitudinibus
889 1503 1112 1602 conjunc.

198 1625 244 1686 to
292 1614 467 1709 amico,
514 1617 676 1715 Lipsae
706 1617 1116 1721 ‘optima—litera·
1197 1652 1201 1661 ·

195 1760 293 1811 rum
318 1738 475 1814 studia
497 1739 721 1818 feliciter
744 1747 1049 1847 propagasti.

478 1994 487 2011 0
542 1977 663 2006 -Q

206 2119 460 2197 tarataram
482 2102 676 2198 naseam
694 2127 831 2220 croco,
855 2127 1007 2225 Anqto,

521 2246 601 2318 sar.
630 2246 690 2322 rr.

95 2400 276 2517 Nunquam
305 2434 543 2499 commissurum
573 2458 623 2500 me
655 2450 747 2519 puta,
789 2449 825 2501 ut
853 2437 997 2522 quamvis
1033 2436 1115 2503 istuc

96 2537 346 2619 profisciscerer,
375 2539 414 2599 ad
434 2549 464 2598 te
491 2559 556 2599 non
582 2537 731 2612 scribarrr;
763 2551 815 2613 tu,
847 2540 1114 2621 queamdmodum

94 2637 170 2701 mibi
190 2639 294 2700 officio
307 2639 516 2718 respondeas,
536 2638 669 2713 videris,
691 2637 746 2721 qui
766 2648 834 2701 toto
853 2639 917 2702 boc
934 2658 1018 2702 anno
1038 2638 1115 2707 nihil

92 2740 136 2803 sd
154 2759 215 2801 me.
254 2740 369 2820 Neque
389 2751 453 2815 est,
475 2741 562 2823 quod
581 2737 727 2812 nuntios,
747 2739 802 2821 qui
823 2737 886 2803 rari
907 2749 1001 2814 sunt,
1021 2760 1114 2807 aoou·

93 2861 165 2903 ses:
190 2851 283 2903 erunt
302 2852 510 2915 mercatores,
537 2851 630 2903 erunt
648 2836 808 2903 cortisani.
846 2840 978 2922 Semper
997 2840 1111 2918 babes,

91 2941 145 3004 cui
164 2939 348 3004 committas.
386 2940 510 3004 Nudius
530 2940 640 3004 tertius
660 2939 757 3021 Lipsa
777 2934 906 3024 quidem
924 2942 1011 3005 haer
1029 2942 1111 3005 beul

61 3034 64 3039 ’
92 3052 144 3116 tu,
172 3041 319 3124 inquam,
358 3040 499 3105 Crocum
527 3043 666 3123 Anglnm
699 3039 833 3103 nostin?
879 3041 1009 3126 quidm,
1045 3040 1110 3119 ait,

94 3163 193 3225 grem
212 3145 411 3225 profitentem
431 3142 538 3206 illum?
561 3141 649 3205 illum
666 3143 754 3205 volo.
791 3142 857 3205 Sed
875 3164 953 3207 num
974 3144 1052 3226 quid
1071 3143 1112 3207 ad

93 3264 145 3306 me
163 3243 321 3307 literarum
340 3243 427 3306 dedit
446 3242 495 3305 is?
513 3243 563 3305 Ne
581 3243 703 3307 literam
716 3263 811 3305 unam
829 3241 977 3324 quidem,
998 3243 1111 3326 inquit.

91 3344 181 3410 Fieri
204 3365 300 3426 posse
325 3363 392 3404 non
417 3341 574 3418 arbitror,
606 3356 642 3406 ut
667 3342 797 3427 segnius
824 3341 989 3408 amicitiam
1007 3345 1110 3419 colas,

94 3458 127 3509 et
144 3445 296 3531 quicquid
322 3443 355 3505 in
374 3464 466 3506 carisa
486 3455 550 3518 est,
584 3441 706 3521 Croce,
738 3445 869 3528 indigne
893 3445 986 3523 fero,
1022 3443 1112 3531 quod

90 3549 189 3611 nullas
211 3545 264 3608 abs
284 3558 314 3609 te
334 3545 436 3607 literas
454 3543 592 3626 accipio,
616 3545 788 3627 praesertim
808 3559 869 3610 tam
888 3567 971 3628 sape
991 3567 1112 3629 provo·

90 3659 174 3709 cato.
211 3650 301 3728 Ergo
322 3646 417 3730 igitur
443 3645 531 3711 istam
556 3649 644 3708 solve
667 3648 820 3710 desidiam
850 3660 951 3723 tuam,
979 3668 1015 3709 ae
1041 3646 1111 3728 ipse

92 3748 314 3831 expergiscere
338 3769 397 3829 per
422 3747 557 3831 aliquam
580 3749 708 3828 longam
733 3748 772 3808 ad
796 3768 849 3811 me
872 3746 1035 3827 epistolam
1055 3757 1112 3810 aar

88 3850 238 3911 volumen
258 3847 375 3928 potins.
428 3848 547 3911 lterum
572 3844 697 3927 scripsit
724 3846 764 3907 ad
793 3867 844 3907 me
871 3846 990 3910 Comes
1009 3850 1109 3910 Novae

88 3949 210 4031 Aquila.
240 3961 270 4010 et
298 3971 450 4033 perquam
476 3945 686 4020 familiariter,
722 3955 757 4007 ut
784 3946 875 4008 solet.
922 3943 1002 4027 Ejus
1027 3964 1108 4006 vero

86 4047 184 4111 literis
198 4049 355 4131 intelligo,
379 4050 517 4132 quodam
531 4047 563 4110 in
580 4045 677 4123 libro,
698 4067 754 4108 seu
774 4046 909 4128 quadam
928 4045 961 4106 in
976 4043 1110 4127 epistola

85 4160 141 4212 ant
176 4148 359 4229 praefatione
400 4148 500 4212 nostri
545 4147 737 4210 montionem
776 4143 891 4208 fecisse
932 4141 1109 4208 Erasmumss

86 4247 214 4323 Scribo,
250 4271 326 4324 oro,
360 4248 475 4331 quibus
502 4249 624 4324 verbis,
652 4260 706 4311 aut
725 4268 792 4332 quo
813 4265 923 4328 opere.
963 4245 1107 4309 Maxime

86 4369 195 4410 onmes
222 4348 254 4412 in
277 4349 444 4411 Germania
470 4348 598 4425 erratis,
625 4349 681 4432 (μή
701 4349 805 4411 omnia
824 4347 893 4411 istic
913 4346 995 4409 edita
1014 4347 1108 4409 facile

84 4447 124 4509 ad
148 4469 209 4511 uos
237 4459 430 4528 perventura
458 4446 669 4511 arbitramini:
704 4449 780 4511 nihil
804 4448 904 4523 enim,
935 4446 996 4511 uisi
1023 4446 1107 4511 torte
