2624 5108
149 854 216 929 toi
385 850 429 951 ln
454 845 640 921 Ulrichum
664 845 915 943 Wirtenberg.

143 1048 212 1129 ipse
238 1043 372 1126 legeris,
406 1041 475 1120 ipse
495 1026 634 1103 audieiis
654 1048 687 1098 te
705 1037 884 1099 camillcem
901 1033 1167 1129 Wirtenbergen-

145 1168 229 1221 sem,
259 1165 324 1205 non
340 1162 398 1222 per
416 1140 601 1203 calumniam
610 1138 703 1221 fingi,
736 1138 793 1199 sed
813 1136 875 1199 tuis
892 1134 1036 1216 pessimis
1054 1136 1089 1198 in
1104 1156 1166 1198 uos

143 1244 285 1319 meritis,
305 1253 392 1305 recte
410 1252 442 1302 et
458 1241 606 1323 graphice
624 1238 785 1301 deteribi?
807 1249 843 1300 V
840 1250 922 1302 inere
941 1248 1044 1323 iqitur
1059 1250 1166 1320 cupis,

139 1357 204 1431 qui
220 1372 261 1407 rx
276 1353 423 1424 principe
440 1347 595 1412 carnifex
612 1365 643 1403 es
652 1347 794 1418 sactus?
818 1343 884 1403 Aut
898 1362 964 1403 uon
981 1344 1031 1404 vel
1048 1353 1169 1403 tantum

145 1446 180 1510 iu
192 1458 224 1507 tc
239 1442 373 1525 pudoris
390 1440 523 1515 residet,
547 1450 582 1502 ut
596 1440 676 1502 lianc
686 1441 926 1516 contumeliam,
939 1463 1001 1524 qua
1012 1441 1171 1525 insignior

144 1546 264 1610 nemini
282 1548 342 1605 lioc
364 1545 436 1604 loco
455 1540 511 1622 qtd
530 1549 629 1616 esset,
659 1540 810 1623 contigit,
842 1541 958 1625 quovis
984 1543 1095 1605 mortis
1114 1564 1172 1626 ge·

144 1666 224 1709 nere
242 1644 320 1708 velis
343 1640 510 1723 elingere?
536 1640 689 1705 Profecto
706 1641 766 1704 nisi
778 1652 812 1702 tu
827 1641 921 1705 visus
936 1655 1069 1724 propter
1079 1644 1172 1705 insita

145 1746 203 1811 tibi
213 1748 349 1817 scelera,
361 1742 526 1822 perfidiam
536 1786 545 1816 ,
556 1742 789 1815 crudelitatem,
802 1741 964 1819 furorem,
977 1763 1012 1805 ac
1022 1744 1173 1824 pestilen-

144 1846 220 1909 tiam
243 1844 389 1907 omnibus
415 1842 577 1905 formidini
599 1862 705 1917 esses,
742 1843 840 1904 eredo
868 1842 1025 1907 neminem
1050 1844 1093 1907 ita
1114 1844 1173 1909 tibi

144 1949 323 2021 infensum,
353 1947 394 2007 ita
428 1956 586 2006 commoto
616 1944 652 2013 iu
676 1952 709 2006 te
736 1941 857 2017 animo,
898 1944 953 2026 qui
978 1956 1011 2006 te
1032 1966 1101 2007 non
1127 1944 1173 2009 sic

147 2047 276 2122 rivere,
298 2066 393 2130 quam
404 2057 567 2128 utcunque
584 2040 774 2107 mort-matii.
813 2044 890 2112 Hoc
904 2044 1041 2108 obscure
1051 2044 1173 2108 seritis?

147 2148 215 2213 Aut
232 2168 375 2229 tanquam
393 2142 592 2208 nouandis?
622 2155 676 2205 aut
694 2164 766 2205 cum
784 2144 890 2219 audis,
922 2145 1039 2209 vivere-
1054 2143 1171 2225 potes?

141 2244 184 2313 θ
198 2245 303 2311 m'utus
329 2266 409 2329 ergo
427 2245 560 2309 mimos
584 2264 657 2319 eos,
689 2242 745 2325 qui
769 2263 803 2305 se
828 2262 898 2307 esse
924 2267 990 2308 non
1014 2245 1172 2310 sentiiml!

147 2358 182 2409 te
199 2347 342 2410 omnium
352 2346 562 2408 miserrimum
575 2389 583 2419 ,
604 2345 745 2427 quicum
758 2363 828 2405 esse
839 2356 872 2407 te
885 2346 1035 2410 miserum
1047 2348 1174 2421 sentias,

150 2467 217 2531 quo
250 2447 353 2510 minus
382 2447 440 2521 sis,
474 2456 527 2507 aut
559 2454 596 2506 ut
626 2443 810 2507 miserabilis
840 2448 948 2509 saltem
971 2450 1046 2521 fias,
1085 2449 1174 2509 nullo

150 2547 303 2622 consilio,
339 2549 424 2608 nulla
450 2544 641 2627 cogitatione
665 2544 789 2607 efficere
820 2557 922 2626 potes.
968 2548 1111 2628 Quoquo
1143 2558 1175 2607 te

150 2648 248 2709 vertis
275 2647 375 2722 enim,
417 2646 528 2708 odium
551 2645 599 2706 tui
622 2654 678 2705 est.
732 2646 841 2728 Atque
867 2647 985 2708 idcirco
1010 2646 1110 2727 magis
1138 2666 1173 2709 es

151 2747 264 2821 miser,
285 2747 316 2822 a)
328 2746 417 2829 quod
435 2766 475 2807 eo
489 2764 577 2806 cares
588 2743 683 2805 unico
695 2745 825 2820 solatio,
842 2758 877 2807 ut
894 2746 1030 2828 aliquem
1040 2746 1174 2822 habeas,

152 2846 205 2907 cui
224 2856 297 2907 tuos
318 2845 481 2905 intraneos
506 2842 635 2904 dolores
659 2845 887 2920 communices,
916 2844 991 2928 qui,
1022 2846 1049 2908 si
1071 2858 1176 2909 tecum

152 2946 278 3017 doleat,
309 2942 465 3004 mitiorem
488 2939 547 3002 tibi
564 2942 693 3004 dolendi
712 2944 913 3008 acerbitatem
933 2946 1062 3021 efficiat,
1092 2946 1176 3009 deri-

154 3054 226 3103 vata
244 3041 279 3102 in
305 3062 340 3102 sc
358 3039 480 3103 doloris
501 3053 608 3121 parte,
638 3042 782 3125 undiquc.
806 3045 854 3120 aa)
874 3046 1022 3119 alilictus,
1055 3046 1176 3129 ubique

154 3142 268 3218 miser,
290 3152 375 3203 totus
388 3140 511 3202 infelix.
550 3142 647 3222 Quod
659 3162 731 3204 cum
742 3143 798 3218 sit,
819 3155 896 3204 etto
910 3146 955 3206 sic
965 3164 1035 3207 esse
1049 3147 1177 3221 sentias,

154 3254 209 3306 tua
231 3254 336 3305 umen
358 3241 484 3303 interim
500 3245 578 3303 mala
597 3242 788 3318 dissimules,
815 3265 852 3306 ac
875 3266 933 3325 per
953 3246 1092 3325 speciem
1117 3249 1178 3308 ala-

155 3343 272 3408 critatis
291 3342 385 3405 nobis
407 3342 554 3415 insultes,
592 3349 624 3400 et
644 3352 675 3403 te
699 3345 882 3406 adsecutum
907 3347 997 3426 quod
1016 3346 1180 3421 volueris,

156 3455 192 3505 ut
208 3442 444 3515 insidiatorem,
477 3445 586 3521 (quem
613 3443 722 3518 vocas)
748 3442 917 3519 occideris,
943 3444 1045 3517 dicas,
1072 3445 1180 3524 despi-

158 3542 275 3613 ciamus
291 3542 370 3612 hoc,
391 3551 497 3601 utrum
513 3541 637 3601 tamlem
652 3542 762 3604 melius
777 3544 908 3619 habeas,
928 3564 1023 3626 quam
1039 3542 1065 3606 is
1082 3566 1182 3627 quem

158 3653 193 3702 tu
211 3639 361 3701 miserum
381 3638 515 3701 reddere
541 3640 706 3716 studuisti,
734 3661 774 3702 au
799 3664 878 3705 vero
901 3641 993 3725 pejus
1009 3644 1184 3726 affligaris?

164 3739 248 3804 Cum
261 3761 303 3802 cx
314 3740 436 3801 duabus
447 3741 588 3819 partibus
598 3744 694 3804 homo
706 3754 847 3817 constet,
858 3744 979 3820 animo,
991 3757 1023 3806 et
1032 3766 1181 3825 corpore,

160 3841 354 3923 digniorque
377 3840 498 3903 animus
520 3841 577 3916 sit,
609 3843 698 3924 quod
724 3841 755 3903 in
780 3843 833 3903 illo
855 3843 912 3905 tibi
929 3844 1032 3922 licuit,
1062 3865 1181 3924 corpus

161 3940 315 4015 afflixisti,
347 3939 416 4021 ipse
434 3941 529 4002 animi
551 3941 698 4003 morbum
722 3942 916 4004 contraxisti.
967 3944 1064 4025 Quod
1078 3955 1185 4008 autem

162 4041 307 4121 corporis
333 4040 522 4121 supplicium
554 4059 625 4102 cum
656 4041 750 4103 animi
776 4040 917 4105 cruciatu
951 4045 1184 4107 conferendum

165 4143 238 4204 est?
274 4141 322 4202 llli
348 4140 469 4202 doloris
492 4141 589 4202 linem
607 4159 693 4201 mors
711 4139 806 4217 lecit;
832 4141 893 4205 tuis
915 4143 1063 4207 crucibus
1080 4144 1184 4206 nullus

167 4286 333 4301 m

200 4372 226 4432 *l
245 4378 305 4424 arach
324 4378 413 4421 misor:
443 4378 472 4422 ol
491 4380 516 4421 id
534 4377 752 4433 diirrlrgestrlclien.
802 4371 847 4439 ’“)
866 4382 990 4429 zwisclien
1009 4384 1131 4441 parte-
1148 4395 1191 4429 uo·

201 4464 269 4519 ilique
288 4462 510 4509 uiitrrsltudlitltnr
529 4462 627 4510 Zusulz.
