2624 5108
242 828 314 897 290
506 825 755 925 Responseriu
778 831 826 905 ad
849 829 987 927 Italiam

241 1016 345 1086 Venit,
373 1030 401 1075 et
420 1022 513 1077 series
526 1022 590 1092 jam
607 1023 692 1079 tertis
708 1022 820 1094 depulit
836 1026 976 1097 umbras,

307 1112 458 1185 Propitie,
484 1116 595 1171 nostris
611 1115 679 1170 luee
698 1126 817 1171 revecta
833 1118 907 1173 dies.

237 1202 320 1258 Eeee
341 1208 461 1273 adsunt,
494 1215 525 1261 et
542 1207 637 1277 prima
654 1208 767 1263 alacres
785 1210 820 1262 ad
839 1213 946 1266 muenia
965 1213 1064 1283 Galli,

306 1298 472 1353 Tormenta
491 1297 647 1366 adjiciunt,
676 1300 884 1371 excidiumque
905 1315 1016 1373 perant.

234 1385 328 1443 Porta
346 1390 403 1446 suit
419 1389 524 1460 positis
541 1390 661 1444 modice
679 1390 793 1447 firmate
810 1395 939 1461 eatenis,

303 1480 410 1536 Pervia
429 1480 586 1535 tormentis
603 1492 710 1553 sponte
731 1485 835 1539 relicta
852 1486 972 1543 ducum.

235 1571 303 1645 Qus
320 1572 391 1629 licet
409 1572 577 1645 irrumpunt
595 1574 676 1629 duris
696 1576 901 1647 eatephrectus
921 1580 949 1633 in
967 1581 1078 1648 ermis,

300 1667 377 1723 Part
393 1664 525 1739 peditum
540 1676 650 1721 nostres
667 1667 797 1723 maxima
813 1670 906 1739 gentis
925 1682 998 1727 erat.

232 1759 362 1833 Jamque
380 1758 558 1814 videbantur
574 1768 639 1813 toto
661 1758 719 1813 sibi
737 1759 858 1815 vincere
876 1760 994 1833 Marte,

299 1850 428 1923 Jamque
446 1853 510 1904 sere
529 1850 647 1931 illuvies
666 1860 728 1904 tote
750 1862 869 1925 recepta
886 1853 951 1908 fuit.

231 1945 323 2015 Rupit
342 1945 380 1999 ab
399 1943 532 2011 insidiis,
559 1942 688 2013 quodie
712 1940 800 1997 istum
813 1941 957 2011 jussimus
974 1964 1080 2017 usum,

297 2036 424 2091 Talibus
442 2032 612 2105 hospitibus
631 2034 688 2087 tale
706 2034 778 2089 dare
795 2034 968 2106 hospitium.

229 2130 313 2185 lianc
333 2140 362 2183 te
380 2129 461 2181 ferre
479 2125 586 2197 stipem
603 2126 691 2181 miles
711 2126 862 2189 Germane
880 2130 1025 2201 decebat,

295 2222 367 2276 Haec
390 2230 453 2275 erat
473 2218 571 2274 cilicio
589 2219 681 2287 pretia
698 2218 784 2287 digna
805 2229 869 2274 tuo.

229 2315 310 2389 Quid
327 2315 476 2378 referam,
503 2320 642 2381 quantam
661 2311 805 2366 ediderint
826 2322 973 2369 tormenta
992 2317 1131 2375 ruinam?

293 2406 407 2460 Horret
425 2404 521 2458 adhuc
539 2402 674 2471 artimus,
700 2414 729 2457 et
747 2404 918 2461 meminisse
936 2424 1025 2475 grave
1046 2422 1102 2465 est.

227 2498 382 2553 Pelluntur
399 2496 504 2551 Veneti
523 2492 682 2573 imbelles,
701 2496 839 2569 Gallique
855 2501 1007 2568 minaces,

291 2591 383 2646 Plura
400 2589 453 2644 sed
473 2589 594 2643 illorum
612 2586 704 2643 millia
723 2606 799 2645 caess
817 2602 947 2649 manent.

225 2686 340 2741 Noster
357 2693 386 2738 st
406 2684 519 2736 interea
536 2680 653 2735 victrici
670 2682 819 2737 exercitus
837 2684 905 2737 urbi

290 2774 435 2839 Advenit,
464 2786 492 2827 et
509 2774 665 2843 spolium,
691 2772 888 2842 reliuuiasque
906 2774 984 2842 legit,

223 2871 324 2943 Quem
342 2882 422 2919 nuuc
440 2881 514 2918 eece
534 2865 592 2917 tuis
617 2863 763 2919 victorem
785 2866 884 2921 cernis
901 2866 931 2921 in
950 2868 1030 2938 oris,

289 2959 351 3012 Pro
370 2966 416 3021 tc,
441 2972 497 3025 pre
517 2954 608 3025 patria
626 2954 739 3009 Martie
759 2968 855 3010 castra
873 2961 968 3029 sequi.

222 3051 312 3120 Spem
332 3063 412 3100 nunc
436 3047 548 3101 interes
565 3046 617 3101 tibi
637 3064 695 3101 nos
712 3048 937 3120 praemittimus,
965 3061 999 3107 ut
1014 3053 1052 3106 sit

289 3140 381 3215 Quod
398 3139 493 3211 majus
511 3139 606 3193 multo
625 3138 786 3210 polliceare
804 3139 876 3208 tibi,

221 3236 261 3291 Ut
277 3244 411 3301 taceam,
443 3244 564 3303 quantas
586 3247 641 3301 pro
662 3247 693 3283 se
713 3230 874 3286 Germania
892 3233 991 3302 vires,

288 3327 373 3401 Quot
390 3333 477 3396 queat
497 3323 624 3377 invictos
645 3322 763 3375 mittere
784 3322 850 3379 solu
868 3324 977 3392 duces,

220 3420 356 3487 Ungerus
380 3414 493 3470 aceedit
510 3428 648 3485 pugnax,
678 3429 805 3485 acerque
823 3414 997 3483 Bobemus,

285 3510 324 3562 Et
342 3506 392 3578 qui
410 3514 492 3558 vasta
510 3505 600 3558 lerox
617 3522 687 3559 rura
703 3506 840 3561 Polonus
858 3516 937 3574 arat,

218 3602 321 3654 Dueet
339 3598 375 3653 ab
394 3596 532 3653 Occiduo
551 3606 663 3652 turmas
682 3598 829 3668 Hispanus
852 3599 961 3670 lbere,

283 3692 353 3746 Fida
370 3704 455 3743 suam
474 3689 562 3745 nobis
582 3690 686 3759 Anglia
703 3687 798 3744 mittet
815 3707 916 3762 opem.

216 3785 306 3853 Finge
324 3801 396 3854 ege,
421 3799 483 3837 non
504 3780 607 3853 ulique
627 3782 731 3848 vires,
760 3798 821 3834 non
839 3780 898 3836 ulla
918 3798 1078 3857 sequantur

283 3877 401 3930 Auxilia
421 3877 560 3943 Augusta
578 3872 771 3930 destituantur
790 3889 875 3943 opes.

217 3971 284 4026 Scia
303 3977 403 4041 potest
417 3967 549 4022 Venetos
566 3967 774 4035 tumidumque
798 3964 943 4037 repellere
964 3970 1108 4041 Gallum,

284 4064 370 4116 Sueta
390 4070 549 4133 utrumque
567 4058 617 4114 diu
634 4059 757 4111 vincere
776 4068 879 4113 nostra
898 4059 1015 4117 domus.

214 4154 253 4210 Et
269 4172 337 4209 mea
353 4170 415 4209 non
432 4168 492 4207 unc
512 4158 653 4207 contente
669 4159 715 4205 est
731 4151 850 4205 Austris
873 4168 966 4221 regno
975 4194 986 4221 ,
1037 4202 1040 4215 ,

281 4249 385 4301 Mater
401 4254 430 4300 et
448 4240 612 4298 innumeris
630 4240 752 4311 regibus
770 4240 818 4297 illa
836 4242 910 4312 suit,

215 4340 296 4394 Illius
314 4338 439 4409 aspicias
456 4335 580 4406 populis
597 4332 772 4390 florentibus
791 4330 901 4405 urbes,

281 4429 440 4485 Gallorum
458 4427 537 4481 vires
554 4427 667 4483 dixeris
685 4442 753 4483 esse
769 4426 852 4489 nillil.
