2624 5108
529 780 775 945 Qus
955 878 958 883 ·
1082 863 1154 935 209

144 1045 292 1125 plurima,
333 1046 374 1107 ito
411 1047 514 1109 omnia
536 1047 720 1124 moderare,
757 1060 792 1113 ut
815 1048 888 1112 licet
907 1049 1093 1129 turpissimis
1119 1067 1155 1109 ac

143 1146 366 1208 scelestissimis
390 1147 498 1221 lactis,
530 1146 654 1210 honesti
676 1147 813 1228 speciem
835 1148 990 1231 quandum
1015 1149 1155 1212 inducas.

142 1245 203 1317 stc,
217 1244 302 1306 enim
322 1247 395 1319 liet,
414 1256 448 1306 ut
468 1260 657 1330 quamquem
675 1269 740 1309 non
762 1247 924 1322 credetur,
943 1258 1030 1309 recte
1050 1247 1104 1308 obs
1125 1257 1157 1309 te

141 1347 276 1420 lactum,
306 1356 409 1406 tamen
437 1344 546 1428 inique
573 1344 692 1408 lectum
723 1345 893 1411 dubitetur.
950 1346 1037 1424 Saepe
1064 1345 1157 1407 etiam

141 1444 225 1507 bene
247 1439 345 1507 socies
366 1436 499 1525 aliquid,
525 1443 710 1519 liberaliter,
737 1444 838 1521 juste,
867 1455 1013 1518 strenue,
1038 1463 1074 1504 uc
1093 1445 1157 1524 pie.

142 1544 241 1626 Quod
266 1543 369 1606 nescis
396 1562 489 1625 quum
517 1542 556 1604 sit
582 1543 754 1606 observatu
778 1543 919 1626 dignum
962 1546 1043 1606 Nam
1061 1565 1160 1607 unum

142 1654 236 1707 tuum
258 1641 478 1717 benefactum,
505 1642 686 1724 cognitum,
716 1663 753 1704 uc
780 1653 924 1708 testatum
953 1643 1160 1724 plurimorum

142 1743 298 1807 scelerum
316 1741 524 1822 pessimorum
544 1741 657 1804 lamam
681 1743 774 1804 eluet.
813 1742 851 1805 ln
872 1758 1007 1818 summu,
1036 1760 1160 1806 omnem

143 1863 186 1904 eo
200 1840 312 1904 mentis
332 1841 430 1904 aciem
451 1839 572 1922 dirige,
591 1852 627 1903 ut
650 1841 748 1914 scius,
770 1841 826 1922 qui
847 1841 995 1917 timendi,
1024 1864 1161 1924 quorum
1265 1910 1267 1915 ,

144 1941 205 2004 tdti
239 1939 372 2005 micitia
409 1939 560 2019 captanda
591 1938 648 2015 sit,
685 1960 751 2022 quo
786 1939 997 2003 insidiantium
1030 1944 1162 2025 laqueos

142 2039 293 2105 declines.
330 2040 427 2120 Quod
453 2037 545 2120 siqua
568 2033 626 2100 tibi
652 2039 783 2101 adverse
807 2038 937 2102 iortutts
959 2040 1082 2103 ruinam
1105 2040 1163 2103 mis

142 2139 310 2214 inlabitur,
343 2149 438 2220 atque
470 2136 547 2199 illud
572 2147 607 2199 tu
628 2137 661 2199 in
687 2148 830 2216 tempore
861 2138 999 2214 videris,
1029 2152 1104 2202 tunc
1123 2140 1163 2202 od

142 2241 227 2305 illam
246 2237 402 2318 confuge,
423 2234 486 2313 jam
503 2256 585 2315 ssepe
603 2247 734 2317 coeptum
752 2237 786 2298 in
805 2239 972 2300 Gennsnia
986 2250 1056 2311 tue,
1084 2259 1165 2301 nun·

143 2358 242 2422 quom
262 2338 302 2398 ed
321 2354 526 2416 progressum
546 2335 711 2398 deductam
731 2333 1001 2414 conjurationem,
1031 2347 1163 2420 utcon-

144 2438 246 2499 cilista
267 2436 324 2497 tibi
345 2435 449 2495 intima
468 2453 526 2513 per
549 2433 727 2496 universam
745 2433 905 2495 nationem
924 2434 1036 2513 plebe,
1070 2446 1101 2496 et
1123 2435 1162 2496 acl

145 2536 281 2618 praedmn
304 2544 419 2594 vocato
446 2529 697 2611 desperatissimo
722 2552 853 2612 quoque
880 2532 914 2592 in
936 2532 1120 2614 optimatum
1133 2534 1163 2611 s)

143 2656 181 2699 uc
200 2635 392 2715 locupletum
415 2631 630 2712 possessiones
653 2629 800 2691 irruatur.

556 2738 742 2810 Tyrants.

219 2833 392 2897 Decretum
406 2831 468 2893 hoc
480 2849 582 2909 nuper
597 2839 681 2904 eret,
700 2827 756 2889 sed
772 2827 906 2905 tardius,
926 2851 1020 2913 quem
1034 2843 1069 2894 ut
1081 2843 1165 2896 esset

143 2931 363 3017 prosequendi
381 2929 521 2990 lucullos.
559 2929 606 2989 ltu
623 2925 767 2988 celeriter
791 2927 876 2990 enim
893 2929 1049 3010 irruperat
1066 2923 1165 2994 Fran·

142 3053 255 3095 corum
275 3030 432 3113 equitatus
448 3028 515 3102 ω’),
545 3037 580 3088 ut
602 3023 677 3087 mihi
698 3036 821 3106 tempus
851 3049 917 3088 non
942 3041 1045 3105 esset,
1077 3032 1163 3094 illum

145 3134 179 3193 in
199 3130 315 3191 vexillo
328 3129 552 3191 versicolorem
572 3126 710 3187 calceum
726 3126 824 3205 vulgo
846 3128 1048 3200 ostendendi;
1068 3147 1163 3211 quem

144 3229 276 3315 quidem
299 3227 486 3311 aliquando,
513 3222 541 3285 si
562 3242 642 3302 opus
660 3221 773 3298 luerit,
803 3224 917 3285 efferre
939 3225 1058 3307 cogito.

569 3328 742 3385 Pholon

220 3426 357 3491 Letioru
375 3421 507 3487 orniruul
527 3419 697 3495 debemus;
724 3421 845 3503 siquid
864 3432 968 3483 tomen
981 3420 1167 3502 hujusmodi

143 3527 313 3602 ceciderit,
343 3525 439 3589 habes
465 3518 642 3599 explicandi
664 3519 840 3581 consilium.
885 3523 980 3583 Nunc
1002 3533 1107 3585 sutem
1127 3532 1164 3585 ut

143 3651 198 3694 res
216 3627 349 3700 babuit,
383 3623 417 3684 in
437 3619 512 3683 belli
530 3629 671 3699 sumptus
690 3617 824 3696 pecunie
842 3616 869 3678 si
886 3618 1047 3683 defuerit?

382 3739 388 3749 ·
564 3728 744 3798 Tyrants.

220 3824 308 3910 Qrid
327 3842 377 3885 me
398 3818 504 3889 fecere
521 3813 638 3880 voles?

567 3922 733 3978 Phalar.

220 4022 307 4105 Quid
321 4020 406 4084 aliud
416 4018 514 4091 enim,
528 4032 623 4096 quum
636 4024 673 4074 ut
688 4029 775 4075 sacre
790 4011 876 4095 legas
884 4050 894 4086 ,
905 4012 1019 4091 templa
1032 4008 1158 4090 mun,
1200 4047 1202 4052 .

143 4123 314 4207 optimates
329 4120 397 4197 Μ)
421 4110 644 4198 dependeris?

141 4282 341 4301 κ*

179 4366 212 4436 ’)
230 4378 393 4432 osstnasum,
422 4370 577 4419 sacerdotum
613 4356 660 4418 ”l
678 4368 818 4424 spatiosus,
849 4364 975 4412 exereitus.
1010 4354 1075 4425 Η’)
1092 4366 1159 4420 opu.

178 4467 278 4517 nates,
298 4458 443 4505 sacerdotes.
782 4488 827 4606 a

178 4572 248 4622 ttstt.
263 4573 310 4632 op.
327 4571 355 4620 Τ.
375 4573 406 4620 ll.
