2624 5108
161 841 232 913 386
564 845 783 948 Triumphus

161 1035 306 1094 Exaudite
325 1048 445 1094 canunt.
479 1038 633 1097 Mirantur
649 1044 772 1103 numina
790 1049 889 1119 ruris,

161 1130 330 1202 Faunique,
349 1131 569 1204 Dryopesque,
588 1145 618 1188 et
634 1150 700 1206 que
718 1152 772 1193 sua
789 1141 910 1199 flumina
925 1156 1064 1218 servant,

160 1227 295 1300 Quaeque
313 1227 388 1281 Dea
408 1228 507 1281 sontes
526 1236 555 1280 et
573 1227 668 1282 dores
684 1240 768 1299 prata
783 1250 952 1309 nemusque

156 1320 195 1376 Et
213 1322 322 1374 virides
340 1328 446 1375 curent
462 1320 574 1387 saleru,
595 1321 749 1392 Capniona
767 1331 939 1399 canenteis,

156 1414 327 1469 Observant
345 1429 513 1482 numeros,
531 1422 729 1486 repetuntque
748 1433 782 1472 ea
800 1423 1048 1499 gaudialsecum,

153 1509 271 1564 Interea
287 1507 356 1563 lecti
368 1507 515 1576 juvenes,
526 1504 679 1578 'puerique
696 1510 779 1566 suavi

152 1600 310 1655 Concentu
329 1601 462 1654 mulcent
480 1615 584 1667 aures,
603 1609 634 1654 et
649 1601 760 1669 grande
778 1616 884 1664 coacta

150 1693 312 1749 Harmonia
329 1693 522 1748 modulantur
537 1692 642 1763 Epor,
661 1694 869 1769 concinnaque
886 1702 989 1760 mixtis

148 1788 267 1841 Addunt
286 1785 380 1840 verba
398 1785 516 1853 modis,
536 1784 700 1857 Capuiouis
716 1787 856 1847 habentia
874 1794 986 1853 laudes.

146 1880 202 1934 ilic
221 1880 284 1947 vir,
303 1881 355 1935 hie
373 1889 419 1934 est
436 1878 531 1946 civis,
554 1894 646 1949 quem
665 1895 722 1934 vos
744 1883 833 1953 paulo
852 1898 919 1941 ante
937 1891 1081 1963 petitum,

146 1972 231 2026 Mille
250 1972 346 2039 dolis,
365 1971 448 2027 mille
466 1970 596 2038 insidiis,
614 1980 703 2042 atquo
720 1984 783 2029 arte
800 1978 946 2049 maligna,

141 2065 297 2121 Promissa
315 2067 451 2122 doluistis
471 2081 548 2137 ope,
567 2065 633 2119 huc
652 2062 832 2123 venerabilis
852 2070 900 2126 illa
919 2084 982 2139 est,

142 2158 279 2213 Canicies
297 2160 392 2217 sanni
410 2158 514 2229 capitis
524 2197 534 2226 ,
553 2158 603 2212 cui
621 2159 710 2213 debet
726 2160 897 2231 honorem,

138 2251 179 2306 Et
197 2252 245 2305 cui
264 2268 386 2322 semper
402 2247 493 2304 habet
511 2249 607 2321 plenia
624 2250 788 2308 Germania
809 2258 888 2310 votis

137 2341 253 2398 Virtute
273 2345 413 2398 illustrata
431 2343 497 2398 viri.
534 2342 590 2398 Hic
610 2354 656 2398 est
676 2344 725 2398 illc
745 2347 882 2404 ferorum

137 2436 305 2507 Intrepidus
322 2437 455 2492 domitor
473 2448 701 2503 monstrorum,
726 2438 894 2513 invictaque
911 2446 1040 2515 mastix,

138 2528 197 2603 Qui
216 2538 331 2583 temere
352 2531 459 2585 fratres
476 2544 585 2597 ausos,
602 2537 779 2600 temereque
797 2534 952 2605 Sophistas

133 2623 247 2678 Laudis
266 2638 343 2694 opus
364 2622 504 2693 plenum,
526 2631 555 2676 et
571 2623 803 2699 memorandum
822 2625 850 2680 in
869 2631 970 2684 secula
993 2633 1127 2704 factum,

136 2717 296 2784 Contudit,
315 2724 344 2769 ct
361 2716 454 2770 multa
472 2712 616 2784 trepidos·
624 2715 786 2770 formidine
804 2729 942 2775 sternens

131 2810 276 2865 intactam
295 2807 421 2862 asseruit
440 2807 477 2860 ab
496 2806 599 2877 iniquo
617 2805 721 2875 judice
739 2808 868 2879 samem,

132 2903 192 2976 Qui
212 2900 365 2955 debellatis
384 2899 504 2954 infanda
521 2898 694 2970 parantibus
713 2901 796 2955 omni

127 2994 221 3050 Exuit
241 2993 406 3065 opprobria
425 3006 514 3059 sese,
533 2990 732 3063 ementitaque
750 2993 836 3065 liquit

126 3087 204 3144 Post
221 3095 338 3155 tergum
356 3085 489 3153 scelera,
512 3094 599 3155 atque
619 3092 649 3136 et
666 3085 839 3156 suspicione
859 3093 1014 3162 remersit,

128 3181 228 3255 Quam
247 3181 320 3236 lacti
335 3189 462 3234 tenuere
481 3177 590 3244 rudes,
611 3177 678 3231 hnc
695 3177 791 3246 gloria
810 3180 893 3236 cives
904 3222 914 3249 ,

125 3276 198 3329 Haec
217 3275 264 3329 illa
282 3273 389 3328 invidia
408 3281 475 3338 est,
496 3270 663 3323 multorum
681 3271 814 3326 exercita
833 3274 921 3343 nisu,

122 3371 222 3438 Atque
240 3382 301 3418 uno
321 3366 447 3419 defenso
466 3361 584 3429 animo,
601 3361 669 3417 Diis
686 3364 777 3432 grstia
795 3381 965 3438 nunquam,
1000 3405 1002 3408 <

122 3456 195 3517 Non
214 3458 331 3513 scelera
348 3455 452 3510 ulcisci
462 3504 472 3533 ,
490 3455 659 3529 vetitosque
676 3457 850 3514 volentibus
866 3478 965 3518 ausus.

188 3643 280 3699 Dicat
295 3643 358 3713 Jo,
376 3642 403 3699 si
419 3659 453 3699 se
469 3643 554 3699 novit
574 3641 756 3712 Germania,
775 3645 864 3702 dicat.

119 3736 214 3809 Inque
233 3737 401 3809 inculpatos
421 3739 534 3792 reserat
551 3736 716 3793 clarissima
733 3738 832 3795 laotos

119 3831 209 3888 Facta
227 3830 303 3899 viri,
321 3830 513 3902 memorique
532 3844 639 3885 omncs
656 3840 779 3886 sternet
798 3832 828 3885 in
846 3847 942 3887 annos

117 3925 256 3981 Decreto
276 3923 444 3997 titulisque,
465 3935 494 3978 et
512 3938 591 3994 quos
609 3921 745 3977 decernit
761 3924 898 3978 honores

118 4018 233 4073 Victori
252 4018 455 4090 populorum,
476 4025 505 4070 et
522 4015 573 4087 qui
590 4030 624 4069 se
641 4013 830 4084 insanguine
848 4016 953 4074 mersit

116 4110 246 4178 Hostili,
265 4111 376 4182 quique
394 4125 549 4165 armorum
567 4107 730 4177 praecelluit
746 4123 815 4163 usu.

116 4203 149 4260 in
169 4221 308 4272 magnum
326 4202 481 4273 Capniona
500 4199 596 4267 forat,
613 4201 664 4271 qui
682 4200 823 4269 sanguine
842 4203 946 4271 nullo,

113 4297 204 4354 Nulla
225 4296 382 4350 hominum
399 4303 515 4362 strage,
533 4302 563 4346 et
579 4293 662 4348 nullo
681 4293 780 4348 felicia
798 4295 882 4348 ferro

112 4388 223 4446 Proelia
242 4386 397 4454 confecit,
413 4384 522 4457 quibus
538 4385 618 4440 haud
637 4402 691 4441 sua
710 4387 832 4441 numina
849 4396 964 4443 tautum

111 4479 248 4550 Extulit,
271 4491 361 4556 atque
380 4497 397 4537 a
412 4495 447 4536 se
464 4479 591 4535 feralem
609 4479 734 4551 protulit
754 4481 848 4552 irun,
