2822 4724
273 491 317 567 70
510 489 552 566 In
576 484 759 562 Uiriehum
782 483 1029 587 Wirtenberg.

265 677 408 744 toltum?
438 679 610 753 Aetnen,
644 699 713 760 que
731 688 784 742 tue
800 674 845 738 ibi
867 674 1006 738 sonnino
1026 685 1189 758 perspecte
1209 675 1291 753 est,

270 781 310 842 sd
331 779 508 861 proximum
527 797 686 860 quemque
702 777 862 844 incursum
878 775 1112 854 suewhuissee,
1133 791 1168 844 ut
1183 799 1275 842 neme

270 881 411 962 ignoret,
442 900 536 964 quem
565 890 599 940 tu
620 878 794 954 immerito„
827 897 921 962 quem
945 876 1055 960 inique
1081 897 1117 940 ac
1140 878 1275 956 neisrie,

269 980 316 1043 his
345 981 400 1066 qni
431 991 462 1046 te
493 991 733 1053 eonserverunt,
774 978 829 1060 qni
857 978 892 1040 in
923 980 1027 1042 loeum
1055 980 1277 1054 restituerunt,

269 1082 447 1142 sedenter.
473 1079 638 1162 orbitatem
665 1077 831 1141 intuleris?
870 1078 1065 1162 Arroganter
1085 1078 1136 1141 hie
1160 1079 1276 1163 eiiquid

268 1179 369 1244 videri
383 1203 400 1242 a
418 1199 468 1241 me
484 1176 601 1242 ‹lietnm
619 1177 708 1239 vobis
721 1191 878 1258 putarem,
900 1178 1069 1249 Germani,
1089 1179 1150 1242 nisi
1166 1181 1278 1244 scirem

268 1291 375 1342 nostra
394 1280 424 1341 in
446 1282 527 1340 hune
545 1280 626 1340 bene
646 1277 755 1340 merite
771 1276 907 1358 majera,
934 1280 1129 1346 seomnibus
1151 1281 1278 1342 notiore

269 1401 357 1452 esse,
388 1401 481 1462 quem
507 1391 542 1440 ut
562 1373 742 1444 verecunde
766 1399 804 1441 es
824 1380 1092 1442 commemorande
1111 1378 1182 1442 sint.
1224 1379 1276 1440 In-

269 1480 360 1542 terim
379 1480 503 1546 minime
524 1480 563 1542 ed
581 1491 718 1542 nestram
734 1498 857 1544 eeussm
876 1479 1009 1558 pertinet
1025 1477 1163 1554 referre,
1182 1499 1276 1564 quem

181 1566 190 1580 ’
268 1577 319 1641 hie
338 1578 522 1646 rnedieinarn
543 1577 626 1647 huie
641 1578 720 1659 pesti
736 1579 933 1659 apposuerit,
964 1587 1062 1660 utque
1079 1599 1140 1640 suo
1156 1582 1275 1642 sceiere

250 1689 416 1740 -exortnm
432 1683 545 1740 metum
559 1697 644 1740 novo
663 1679 730 1759 ipse
747 1680 865 1740 scelere
880 1677 1070 1753 coniecerit,
1099 1677 1160 1742 nisi
1177 1699 1275 1762 qusn-

152 1853 156 1866 ι
267 1789 335 1840 tum
355 1779 392 1842 ed
417 1779 555 1846 occisum
572 1778 659 1848 iilum
673 1778 824 1858 pertinet,
852 1797 870 1840 e
887 1793 952 1860 quo
969 1777 1022 1858 pie
1037 1797 1119 1857 sepe
1135 1777 1273 1844 monitus

268 1891 330 1953 est,
359 1900 430 1946 eum
450 1877 538 1960 ‹prasi
554 1898 619 1939 nen
638 1877 677 1938 ed
697 1876 860 1957 pristinum
875 1888 1002 1952 statum,
1028 1878 1087 1942 sed.
1103 1878 1142 1940 sd
1161 1898 1275 1958 novem

267 1977 409 2057 rapiendi
418 2025 434 2053 ,Α
443 1977 619 2059 grassandi,
632 1976 835 2059 credendique
846 1975 1001 2040 licentiam
1014 1975 1170 2044 instinrtue
1183 1991 1275 2055 esset,

260 2077 351 2140 -bene
369 2077 488 2140 nivium
508 2077 675 2156 diriperet,
702 2077 842 2140 insontes
865 2075 961 2139 exitio
984 2099 1020 2142 ee
1036 2097 1113 2140 neee
1132 2078 1273 2158 puniret,

268 2181 372 2240 omnia
392 2178 592 2260 indignitate,
625 2175 727 2238 enutie
744 2177 863 2239 seeiere
879 2177 1032 2238 miseeret.
1077 2177 1197 2240 Verum
1215 2180 1273 2240 hos

258 2289 370 2341 'motus
398 2299 464 2339 nen
500 2271 597 2358 teng'o
626 2273 797 2338 intervalio'
827 2275 997 2338 subseeutre
1034 2287 1107 2340 sunt
1147 2276 1274 2359 juvenis

266 2377 407 2458 nrrptie.
430 2375 535 2455 Hujus
554 2375 692 2457 magistri
707 2375 846 2458 equitum
861 2375 954 2440 iitiem
968 2386 1039 2439 ente
1059 2377 1275 2463 desponsatam

156 2481 158 2486 ’
266 2479 369 2540 duxit.
420 2477 555 2538 'tannim
591 2476 709 2558 quippe
735 2470 862 2546 fidueise'
882 2474 915 2537 in
942 2477 1092 2556 Tyranno
1125 2491 1276 2562 posuerat

265 2588 372 2658 peter,
403 2585 438 2636 nt
456 2589 488 2636 et
502 2577 535 2637 in
554 2574 651 2652 ipsius
664 2576 700 2650 fi)
715 2586 797 2636 terre
814 2573 997 2658 eonjugium
1017 2576 1082 2648 tttto
1100 2579 1272 2658 paraverit,

266 2687 296 2738 et
312 2687 496 2760 perpetuam
511 2676 662 2738 continuo
679 2676 870 2744 mensionem
884 2675 1048 2742 meditatus
1060 2677 1110 2742 sit.
1148 2683 1273 2744 Nudum

264 2777 317 2840 hie
333 2779 450 2840 interea
476 2775 599 2840 eiieneti
618 2775 712 2843 enimi
731 2773 855 2854 siguum
874 2777 975 2851 dedit;
1004 2797 1108 2866 neque
1126 2781 1273 2844 eonferre

264 2877 384 2952 rarius,
412 2876 528 2962 alioqui
549 2876 676 2949 elesius,
707 2874 820 2937 intueri
844 2875 1009 2958 eiitprando
1032 2878 1112 2946 tristi
1137 2892 1275 2960 aspectu.

264 2977 308 3038 Et
330 2979 430 3039 adhue
445 2975 609 3056 ignorabat
629 2975 722 3037 miser
738 2987 876 3044 etroeem
890 2975 982 3054 hujus
1000 2976 1153 3054 neturerin
1180 2978 1272 3041 seeiie

265 3077 349 3140 enim
376 3077 498 3138 eeeuttn
523 3087 611 3138 erent
629 3077 704 3138 vitis
726 3074 835 3157 juveni
858 3076 973 3155 nmine,
1006 3097 1072 3138 nen
1088 3075 1272 3161 inquirenti.

265 3175 342 3256 (tues
359 3193 438 3237 vero
455 3175 495 3240 eb
511 3177 571 3242 hoe
589 3175 670 3238 serta
685 3188 789 3250 erent,
809 3174 897 3240 aliter
915 3177 964 3240 elii
978 3178 1272 3259 interpretabantur.

264 3271 337 3348 ilie,
365 3293 427 3358 que
443 3270 524 3350 erat,
552 3275 760 3356 simplicitate,
786 3295 852 3338 non
868 3278 1082 3358 suspicabatur
1096 3280 1166 3342 meli
1182 3279 1273 3362 qrrie·

265 3391 375 3454 wem,
407 3375 447 3436 de
474 3395 513 3437 eo
545 3377 731 3457 presertim,
768 3379 808 3439 tie
842 3398 907 3472 quo
939 3379 986 3442 sie
1020 3390 1102 3462 esset
1131 3379 1271 3446 meritus.

263 3474 377 3557 Neque
398 3497 537 3559 unqunm
563 3478 634 3540 iore
658 3477 795 3558 putavit,
828 3489 863 3540 ut
889 3497 945 3540 sue
968 3479 1031 3542 vite
1053 3490 1213 3562 peteretur
1231 3478 1271 3540 nb

264 3593 323 3650 so,
355 3571 445 3656 eujus
468 3579 535 3658 ipse
554 3578 648 3640 vitam
669 3596 794 3640 serrare
817 3577 996 3642 studuisset.
1035 3581 1109 3658 (tue
1129 3590 1271 3658 ternpore

262 3661 312 3736 st'
335 3678 508 3756 praescisset
547 3677 642 3740 muer
689 3675 901 3756 importunum
947 3675 1041 3758 hujus
1091 3679 1268 3759 ingenium,

263 3775 511 3840 eevemittnreibi
532 3775 571 3836 eb
595 3775 803 3838 seduxisset.
842 3777 954 3852 Ueii)
974 3775 1174 3858 sisimprobe
1199 3779 1269 3840 vire

262 3872 469 3951 discessisset,
501 3885 537 3936 ut
560 3897 578 3942 s
600 3874 813 3948 erudelissima
836 3879 925 3940 hoste
946 3877 1093 3962 fugisset.
1127 3879 1191 3942 Sed
1214 3876 1269 3942 ubi

297 4095 329 4165 ⁸)
347 4112 424 4161 tpstus
433 4142 441 4167 ,
453 4071 528 4157 ilites.
565 4101 612 4174 ⁸⁸)
633 4113 678 4166 m,
696 4113 729 4159 ut.
