2624 5108
344 797 391 870 ed
414 794 580 871 Leonem
603 792 651 870 X.
675 793 856 894 praefatin
1028 793 1104 867 ita

90 1003 157 1052 vox
187 986 291 1070 potuit
303 989 318 1050 't‘
361 988 458 1072 Quod
492 987 619 1053 suevius
658 981 816 1051 ver-bum?
862 984 972 1068 ltaque
1003 1004 1103 1065 perro

89 1089 241 1173 negotio,
274 1101 349 1169 puta
368 1111 434 1153 uno
453 1090 617 1171 proposito
644 1090 795 1162 verbulo,
831 1106 974 1169 magnam
1001 1096 1104 1148 sustu·

88 1189 151 1253 listi
176 1210 196 1250 e
220 1189 326 1252 medio
352 1191 512 1253 hominum
536 1202 715 1252 vestrorum
739 1185 989 1267 indignationem
1008 1187 1103 1249 vehe-

89 1289 221 1351 mentcis
249 1291 452 1371 composuisti
479 1291 653 1353 animorum
676 1299 797 1362 motus,
831 1287 928 1348 exitia
947 1287 1103 1349 interver-

89 1388 172 1463 tisti,
190 1391 339 1452 tumultus
358 1390 588 1472 compescuisti.
626 1389 722 1470 Quod
738 1388 881 1450 futurum
899 1386 995 1467 igitur
1017 1385 1100 1461 tuit,

88 1487 168 1552 siin
188 1493 302 1552 mnium
318 1491 452 1573 aliquem
472 1491 652 1573 pontificem
671 1487 851 1551 incidissent
869 1488 914 1548 hoe
941 1485 1102 1549 hominum

88 1589 310 1672 cogitationes,
341 1603 377 1653 ut
402 1593 436 1654 vi
462 1598 493 1653 et
517 1589 667 1653 violentis
694 1589 886 1668 eriperemus
912 1587 951 1649 rb
978 1585 1102 1667 injustis

88 1690 323 1770 possessoribus
347 1695 460 1770 mults,
494 1692 556 1754 hoc
583 1710 641 1771 per
670 1695 708 1751 te·
731 1684 849 1751 iactum
876 1699 941 1763 est,
971 1699 1006 1750 ut
1024 1688 1102 1751 citrs

88 1789 212 1853 nubam
228 1792 432 1874 quiescendo
456 1810 689 1875 consequemur
708 1789 821 1855 omitia.
859 1785 977 1866 Vides,
1009 1796 1100 1875 quoio

88 1899 178 1953 tuuru
208 1889 325 1954 sactum
355 1890 546 1973 interpretor
578 1914 654 1957 vere
683 1892 834 1955 Pontifex
863 1902 927 1957 Leo
936 1908 953 1957 Ρ
1002 1895 1099 1976 Quod

88 1989 180 2054 ortuis
198 1993 452 2075 persequendum
472 2000 552 2069 erat,
573 1994 607 2056 id
625 1992 837 2058 beneficentiae
857 2007 1018 2076 accepturu
1036 2007 1097 2059 usse

86 2090 208 2153 referre
228 2092 309 2158 h'cet.
348 2095 552 2175 Quapropter
566 2094 708 2157 desinent
727 2093 853 2178 qnidam
871 2106 1032 2170 metuere,
1058 2116 1100 2157 ne
1150 2088 1156 2097 ’

86 2201 123 2254 tu
141 2213 223 2272 segre
242 2193 343 2269 seras,
364 2195 391 2257 si
410 2196 520 2258 edetiu
538 2194 590 2258 hic
608 2194 714 2257 denuo
734 2194 836 2268 liber,
856 2194 944 2275 quod
962 2193 1006 2255 iili
1026 2205 1098 2261 erite

87 2293 269 2374 preposteri
287 2294 470 2372 pontifices,
501 2314 542 2356 ue
560 2295 727 2357 haberetur
746 2294 779 2354 iu
798 2291 957 2367 matribus,
988 2303 1098 2355 vetue-

85 2401 170 2454 runt.
208 2391 292 2454 Nihil
312 2405 358 2455 ess
376 2394 433 2457 tibi
451 2393 535 2456 enim
553 2413 718 2458 commune
738 2412 810 2455 curu
828 2391 905 2466 iilis,
931 2393 1006 2475 quis
1023 2393 1099 2463 nihil

85 2491 147 2554 init
165 2492 240 2574 ipsis
268 2513 341 2555 curn
360 2490 499 2556 Christo.
536 2495 615 2557 Nem
635 2494 681 2559 illi
697 2493 757 2556 sub
775 2489 894 2554 structis
912 2492 989 2555 fuco
1007 2514 1098 2556 secu·

84 2591 161 2655 lario
188 2593 228 2656 nd
254 2615 289 2657 se
318 2592 446 2672 imperis
473 2604 649 2668 traxerunt,
681 2604 715 2655 tu
744 2591 777 2654 in
804 2591 928 2655 sincero
958 2592 1110 2658 veritatis

85 2693 253 2773 splendore
279 2696 433 2757 culestem
450 2692 715 2766 dominationem,
739 2690 773 2755 id
792 2701 840 2754 est
858 2693 943 2773 pacis
962 2715 1097 2775 reguum

84 2793 243 2871 operuisti.
279 2794 345 2857 Per
362 2806 393 2857 te
411 2797 463 2858 ilia
474 2793 571 2877 igitur
588 2791 762 2855 Christiane
779 2791 940 2855 reviviscit
956 2792 1092 2871 veritus,

85 2910 155 2972 quse
184 2914 256 2955 cum
286 2915 437 2975 oppresse
468 2894 523 2958 diu
552 2893 664 2966 fucrit,
700 2912 785 2955 nunc
820 2914 856 2955 se
878 2892 1028 2976 ¹colligit,
1065 2906 1098 2957 et

85 2990 208 3069 captivs
234 2989 439 3075 jampridem
461 2995 501 3057 ab
526 2992 579 3055 itto
598 2993 727 3055 reducto
747 2992 945 3057 obscuritatis
969 3013 1096 3058 carcere

83 3091 188 3151 lucem
205 3092 352 3155 revidere
376 3106 525 3163 meretur·
569 3096 640 3173 Qus
660 3092 913 3169 nunciantur,
943 3095 1038 3157 sudet
1056 3095 1097 3157 ub

85 3187 194 3252 inferis
216 3211 375 3273 exurgens
398 3202 517 3269 Vallo,
533 3194 567 3257 iu
584 3195 745 3259 hominum
761 3215 853 3259 sures
870 3206 964 3277 etque
985 3197 1096 3275 oculos

84 3287 226 3369 recipere
248 3309 334 3365 sese,
367 3292 411 3354 ob
435 3290 470 3354 id
487 3294 586 3374 magis
610 3296 722 3373 etism,
754 3296 842 3379 quod
859 3294 920 3357 suit
941 3295 1015 3358 otim
1032 3294 1095 3359 tuis

83 3388 255 3469 majoribus
275 3410 383 3466 carus,
415 3412 433 3453 s
457 3391 572 3474 quihus
598 3397 733 3459 uthans
750 3396 847 3460 veluti
865 3396 1091 3461 hereditariam

84 3491 231 3572 occepisti
248 3490 411 3567 virtutem,
442 3488 484 3555 ita
502 3492 535 3557 iu
553 3494 619 3555 eliis
645 3495 771 3559 nsisnme
790 3498 976 3578 degeneras.
1015 3500 1095 3563 Nem

83 3589 176 3652 sicuti
210 3591 387 3655 eruditione
425 3591 511 3654 idum
544 3593 728 3674 magistrum
769 3606 859 3659 tuum
896 3608 1095 3665 Politionum

83 3690 202 3767 refers,
243 3691 285 3753 ita
316 3691 458 3756 moribus
492 3693 531 3754 sb
564 3704 655 3754 atavo
685 3703 795 3758 &emo
823 3696 942 3759 elieuus
966 3698 1094 3763 misitne

82 3789 216 3868 videris,
246 3790 336 3872 eujus
356 3791 619 3874 quemadmodum
637 3790 737 3870 prims
755 3795 821 3855 trus
839 3793 920 3870 fuis,
933 3829 938 3842 ·
951 3800 1040 3879 quod
1059 3797 1093 3858 in

82 3912 140 3953 sus
157 3891 282 3955 civitate
307 3914 389 3957 unsis
411 3893 515 3957 omnis
539 3891 659 3973 potuit,
692 3911 759 3955 uon
778 3891 883 3954 omnis
901 3895 1018 3969 voluit,
1050 3895 1093 3957 its

81 4001 170 4053 tuum
200 4014 330 4076 quoque
356 3995 524 4058 encomion
550 4002 638 4069 βείθ»
676 3993 765 4076 qu⁰¹¹
793 4011 866 4054 ⁰¹¹¹¹¹
893 3997 1027 4075 ¹²g¹¹¹¹¹0
1052 4006 1088 4057 ¹¹¹

81 4090 256 4172 Imperator
283 4094 403 4172 possis,
435 4095 595 4159 custodire
615 4105 653 4157 >ut
679 4104 787 4174 postor
811 4092 920 4157 mavis.
968 4094 1032 4157 Sul
1057 4095 1091 4157 in

83 4203 192 4259 Cosmo
217 4192 278 4254 tuis
303 4196 365 4256 hoc
386 4193 774 4275 inprimis-admirandum,
803 4192 892 4276 quod
916 4192 1091 4261 ineruditus

80 4292 148 4372 ipse
167 4292 265 4355 coluit
284 4294 445 4383 eruditos,
475 4294 617 4377 undique
637 4295 677 4357 sd
696 4316 766 4359 sese
793 4312 956 4357 recensus
975 4306 1007 4359 et
1027 4317 1090 4379 ope

81 4405 175 4478 etque
196 4395 309 4478 opibus
328 4392 451 4469 juvens.
496 4402 691 4471 Mercurius
715 4415 797 4467 uero
813 4405 912 4475 petes
933 4405 967 4459 et
991 4398 1090 4465 coluit
