<?xml version="1.0" encoding="UTF-8"?>
<!DOCTYPE html PUBLIC "-//W3C//DTD XHTML 1.0 Transitional//EN"
    "http://www.w3.org/TR/xhtml1/DTD/xhtml1-transitional.dtd">
<html xmlns="http://www.w3.org/1999/xhtml" xml:lang="en" lang="en">
 <head>
  <title>
</title>
<meta http-equiv="Content-Type" content="text/html;charset=utf-8" />
  <meta name='ocr-system' content='tesseract 3.04.00' />
  <meta name='ocr-capabilities' content='ocr_page ocr_carea ocr_par ocr_line ocrx_word'/>
</head>
<body>
  <div class='ocr_page' id='page_1' title='image "./ulrichiabhutten03mngoog_0100.png"; bbox 0 0 2624 5108; ppageno 0'>
   <div class='ocr_carea' id='block_1_1' title="bbox 524 800 1177 891">
    <p class='ocr_par' dir='ltr' id='par_1_1' title="bbox 524 800 1177 891">
     <span class='ocr_line' id='line_1_1' title="bbox 524 800 1177 891; baseline -0.002 -13"><span class='ocrx_word' id='word_1_1' title='bbox 524 800 651 878; x_wconf 80' lang='lat' dir='ltr'><strong>Oratio</strong></span> <span class='ocrx_word' id='word_1_2' title='bbox 677 800 807 877; x_wconf 78' lang='lat' dir='ltr'><strong>Prima.</strong></span> <span class='ocrx_word' id='word_1_3' title='bbox 1132 816 1177 891; x_wconf 75' lang='lat'><strong>87</strong></span> 
     </span>
    </p>
   </div>
   <div class='ocr_carea' id='block_1_2' title="bbox 93 994 1201 4294">
    <p class='ocr_par' dir='ltr' id='par_1_2' title="bbox 93 994 1201 4294">
     <span class='ocr_line' id='line_1_2' title="bbox 159 994 1173 1077; baseline 0.009 -18"><span class='ocrx_word' id='word_1_4' title='bbox 159 994 318 1059; x_wconf 73' lang='lat' dir='ltr'><strong>mimniis</strong></span> <span class='ocrx_word' id='word_1_5' title='bbox 348 995 510 1073; x_wconf 79' lang='lat' dir='ltr'><strong>obnoxia,</strong></span> <span class='ocrx_word' id='word_1_6' title='bbox 548 1016 611 1060; x_wconf 80' lang='lat' dir='ltr'><strong>srsae</strong></span> <span class='ocrx_word' id='word_1_7' title='bbox 641 997 779 1077; x_wconf 72' lang='lat' dir='ltr'><strong>pristine</strong></span> <span class='ocrx_word' id='word_1_8' title='bbox 805 997 929 1063; x_wconf 86' lang='lat' dir='ltr'><strong>virtutis</strong></span> <span class='ocrx_word' id='word_1_9' title='bbox 968 998 1065 1064; x_wconf 77' lang='lat' dir='ltr'><strong>oblita</strong></span> <span class='ocrx_word' id='word_1_10' title='bbox 1092 1023 1173 1069; x_wconf 82' lang='lat' dir='ltr'><strong>csse.</strong></span> 
     </span>
     <span class='ocr_line' id='line_1_3' title="bbox 158 1094 1176 1188; baseline 0.004 -27"><span class='ocrx_word' id='word_1_11' title='bbox 158 1098 211 1161; x_wconf 83' lang='lat' dir='ltr'><strong>Tu</strong></span> <span class='ocrx_word' id='word_1_12' title='bbox 227 1117 311 1159; x_wconf 81' lang='lat' dir='ltr'><strong>vero</strong></span> <span class='ocrx_word' id='word_1_13' title='bbox 333 1094 453 1173; x_wconf 66' lang='lat' dir='ltr'><strong>cusu,</strong></span> <span class='ocrx_word' id='word_1_14' title='bbox 492 1116 588 1181; x_wconf 80' lang='lat' dir='ltr'><strong>quam</strong></span> <span class='ocrx_word' id='word_1_15' title='bbox 607 1098 726 1160; x_wconf 86' lang='lat' dir='ltr'><strong>nemini</strong></span> <span class='ocrx_word' id='word_1_16' title='bbox 754 1098 885 1162; x_wconf 89' lang='lat' dir='ltr'><strong>dubium</strong></span> <span class='ocrx_word' id='word_1_17' title='bbox 903 1110 969 1174; x_wconf 84' lang='lat' dir='ltr'><strong>est,</strong></span> <span class='ocrx_word' id='word_1_18' title='bbox 994 1123 1038 1165; x_wconf 86' lang='lat' dir='ltr'><strong>ex</strong></span> <span class='ocrx_word' id='word_1_19' title='bbox 1058 1105 1176 1188; x_wconf 85' lang='lat' dir='ltr'><strong>quihus</strong></span> 
     </span>
     <span class='ocr_line' id='line_1_4' title="bbox 155 1196 1176 1288; baseline 0.007 -25"><span class='ocrx_word' id='word_1_20' title='bbox 155 1199 219 1271; x_wconf 80' lang='lat' dir='ltr'><strong>tuis</strong></span> <span class='ocrx_word' id='word_1_21' title='bbox 246 1196 389 1261; x_wconf 82' lang='lat' dir='ltr'><strong>moribus</strong></span> <span class='ocrx_word' id='word_1_22' title='bbox 422 1197 586 1281; x_wconf 89' lang='lat' dir='ltr'><strong>quomodo</strong></span> <span class='ocrx_word' id='word_1_23' title='bbox 613 1196 748 1263; x_wconf 77' lang='lat' dir='ltr'><strong>aliorum</strong></span> <span class='ocrx_word' id='word_1_24' title='bbox 771 1198 913 1265; x_wconf 70' lang='lat' dir='ltr'><strong>estimes.</strong></span> <span class='ocrx_word' id='word_1_25' title='bbox 964 1200 1065 1265; x_wconf 89' lang='lat' dir='ltr'><strong>Vides</strong></span> <span class='ocrx_word' id='word_1_26' title='bbox 1090 1208 1176 1288; x_wconf 81' lang='lat' dir='ltr'><strong>apud</strong></span> 
     </span>
     <span class='ocr_line' id='line_1_5' title="bbox 154 1296 1176 1383; baseline 0.007 -23"><span class='ocrx_word' id='word_1_27' title='bbox 154 1312 188 1361; x_wconf 88' lang='lat' dir='ltr'><strong>te</strong></span> <span class='ocrx_word' id='word_1_28' title='bbox 208 1299 261 1379; x_wconf 83' lang='lat' dir='ltr'><strong>agi</strong></span> <span class='ocrx_word' id='word_1_29' title='bbox 286 1318 428 1374; x_wconf 70' lang='lat' dir='ltr'><strong>musam,</strong></span> <span class='ocrx_word' id='word_1_30' title='bbox 457 1319 528 1383; x_wconf 76' lang='lat' dir='ltr'><strong>quc</strong></span> <span class='ocrx_word' id='word_1_31' title='bbox 556 1297 584 1360; x_wconf 85' lang='lat' dir='ltr'><strong>si</strong></span> <span class='ocrx_word' id='word_1_32' title='bbox 606 1310 716 1361; x_wconf 78' lang='lat' dir='ltr'><strong>nostra</strong></span> <span class='ocrx_word' id='word_1_33' title='bbox 738 1308 859 1365; x_wconf 69' lang='lat' dir='ltr'><strong>unum</strong></span> <span class='ocrx_word' id='word_1_34' title='bbox 879 1311 912 1363; x_wconf 87' lang='lat' dir='ltr'><strong>et</strong></span> <span class='ocrx_word' id='word_1_35' title='bbox 930 1296 1053 1382; x_wconf 72' lang='lat' dir='ltr'><strong>privata</strong></span> <span class='ocrx_word' id='word_1_36' title='bbox 1076 1318 1176 1375; x_wconf 81' lang='lat' dir='ltr'><strong>esset,</strong></span> 
     </span>
     <span class='ocr_line' id='line_1_6' title="bbox 155 1398 1176 1484; baseline 0.005 -23"><span class='ocrx_word' id='word_1_37' title='bbox 155 1398 292 1481; x_wconf 78' lang='lat' dir='ltr'><strong>judicari</strong></span> <span class='ocrx_word' id='word_1_38' title='bbox 309 1410 414 1463; x_wconf 80' lang='lat' dir='ltr'><strong>temen</strong></span> <span class='ocrx_word' id='word_1_39' title='bbox 426 1399 526 1463; x_wconf 80' lang='lat' dir='ltr'><strong>abste</strong></span> <span class='ocrx_word' id='word_1_40' title='bbox 544 1398 671 1462; x_wconf 77' lang='lat' dir='ltr'><strong>fortiter</strong></span> <span class='ocrx_word' id='word_1_41' title='bbox 684 1399 825 1464; x_wconf 81' lang='lat' dir='ltr'><strong>deberet.</strong></span> <span class='ocrx_word' id='word_1_42' title='bbox 862 1400 956 1467; x_wconf 80' lang='lat' dir='ltr'><strong>Nunc</strong></span> <span class='ocrx_word' id='word_1_43' title='bbox 966 1422 1040 1466; x_wconf 84' lang='lat' dir='ltr'><strong>curn</strong></span> <span class='ocrx_word' id='word_1_44' title='bbox 1050 1404 1176 1484; x_wconf 78' lang='lat' dir='ltr'><strong>publica</strong></span> 
     </span>
     <span class='ocr_line' id='line_1_7' title="bbox 156 1499 1176 1584; baseline 0.002 -18"><span class='ocrx_word' id='word_1_45' title='bbox 156 1503 214 1577; x_wconf 88' lang='lat' dir='ltr'><strong>sit,</strong></span> <span class='ocrx_word' id='word_1_46' title='bbox 245 1513 279 1564; x_wconf 85' lang='lat' dir='ltr'><strong>et</strong></span> <span class='ocrx_word' id='word_1_47' title='bbox 298 1500 436 1582; x_wconf 85' lang='lat' dir='ltr'><strong>exempli</strong></span> <span class='ocrx_word' id='word_1_48' title='bbox 458 1499 673 1582; x_wconf 78' lang='lat' dir='ltr'><strong>magnitudine</strong></span> <span class='ocrx_word' id='word_1_49' title='bbox 701 1501 741 1562; x_wconf 81' lang='lat' dir='ltr'><strong>ad</strong></span> <span class='ocrx_word' id='word_1_50' title='bbox 768 1521 877 1565; x_wconf 88' lang='lat' dir='ltr'><strong>omncs</strong></span> <span class='ocrx_word' id='word_1_51' title='bbox 904 1502 1079 1584; x_wconf 83' lang='lat' dir='ltr'>pertineat,</span> <span class='ocrx_word' id='word_1_52' title='bbox 1108 1525 1176 1568; x_wconf 88' lang='lat' dir='ltr'><strong>non</strong></span> 
     </span>
     <span class='ocr_line' id='line_1_8' title="bbox 155 1600 1175 1686; baseline 0.005 -22"><span class='ocrx_word' id='word_1_53' title='bbox 155 1603 206 1665; x_wconf 83' lang='lat' dir='ltr'><strong>vis</strong></span> <span class='ocrx_word' id='word_1_54' title='bbox 219 1614 250 1666; x_wconf 90' lang='lat' dir='ltr'><strong>te</strong></span> <span class='ocrx_word' id='word_1_55' title='bbox 264 1601 457 1681; x_wconf 75' lang='lat' dir='ltr'><strong>imperante,</strong></span> <span class='ocrx_word' id='word_1_56' title='bbox 474 1600 682 1684; x_wconf 86' lang='lat' dir='ltr'><strong>pessimorum</strong></span> <span class='ocrx_word' id='word_1_57' title='bbox 697 1602 833 1668; x_wconf 75' lang='lat' dir='ltr'><strong>audacie</strong></span> <span class='ocrx_word' id='word_1_58' title='bbox 850 1602 1057 1667; x_wconf 84' lang='lat' dir='ltr'><strong>innocentum</strong></span> <span class='ocrx_word' id='word_1_59' title='bbox 1072 1605 1175 1686; x_wconf 76' lang='lat' dir='ltr'><strong>sapiu</strong></span> 
     </span>
     <span class='ocr_line' id='line_1_9' title="bbox 151 1699 1174 1786; baseline 0.004 -20"><span class='ocrx_word' id='word_1_60' title='bbox 151 1702 258 1786; x_wconf 89' lang='lat' dir='ltr'><strong>prodi.</strong></span> <span class='ocrx_word' id='word_1_61' title='bbox 297 1699 480 1777; x_wconf 74' lang='lat' dir='ltr'><strong>Nominis,</strong></span> <span class='ocrx_word' id='word_1_62' title='bbox 504 1703 568 1765; x_wconf 90' lang='lat' dir='ltr'><strong>hoc</strong></span> <span class='ocrx_word' id='word_1_63' title='bbox 586 1712 618 1765; x_wconf 87' lang='lat' dir='ltr'><strong>te</strong></span> <span class='ocrx_word' id='word_1_64' title='bbox 633 1702 735 1766; x_wconf 82' lang='lat' dir='ltr'><strong>alente</strong></span> <span class='ocrx_word' id='word_1_65' title='bbox 754 1703 936 1767; x_wconf 83' lang='lat' dir='ltr'><strong>incendium</strong></span> <span class='ocrx_word' id='word_1_66' title='bbox 957 1706 1063 1769; x_wconf 74' lang='lat' dir='ltr'><strong>omnia</strong></span> <span class='ocrx_word' id='word_1_67' title='bbox 1078 1705 1174 1770; x_wconf 88' lang='lat' dir='ltr'><strong>licere</strong></span> 
     </span>
     <span class='ocr_line' id='line_1_10' title="bbox 148 1799 1173 1890; baseline 0.006 -28"><span class='ocrx_word' id='word_1_68' title='bbox 148 1804 256 1878; x_wconf 76' lang='lat' dir='ltr'><strong>malis,</strong></span> <span class='ocrx_word' id='word_1_69' title='bbox 274 1799 352 1865; x_wconf 86' lang='lat' dir='ltr'><strong>nihil</strong></span> <span class='ocrx_word' id='word_1_70' title='bbox 368 1800 462 1865; x_wconf 82' lang='lat' dir='ltr'><strong>bonis</strong></span> <span class='ocrx_word' id='word_1_71' title='bbox 483 1812 585 1865; x_wconf 84' lang='lat' dir='ltr'><strong>tutum</strong></span> <span class='ocrx_word' id='word_1_72' title='bbox 603 1823 689 1877; x_wconf 87' lang='lat' dir='ltr'><strong>esse;</strong></span> <span class='ocrx_word' id='word_1_73' title='bbox 717 1803 891 1868; x_wconf 79' lang='lat' dir='ltr'><strong>libertatem</strong></span> <span class='ocrx_word' id='word_1_74' title='bbox 911 1804 1058 1883; x_wconf 80' lang='lat' dir='ltr'><strong>interire,</strong></span> <span class='ocrx_word' id='word_1_75' title='bbox 1085 1808 1173 1890; x_wconf 85' lang='lat' dir='ltr'><strong>leges</strong></span> 
     </span>
     <span class='ocr_line' id='line_1_11' title="bbox 150 1901 1173 1994; baseline 0.003 -27"><span class='ocrx_word' id='word_1_76' title='bbox 150 1922 359 1977; x_wconf 79' lang='lat' dir='ltr'><strong>evanescere3</strong></span> <span class='ocrx_word' id='word_1_77' title='bbox 380 1901 726 1994; x_wconf 78' lang='lat' dir='ltr'><strong>imperiumcontemui.</strong></span> <span class='ocrx_word' id='word_1_78' title='bbox 764 1903 883 1981; x_wconf 84' lang='lat' dir='ltr'><strong>Vides,</strong></span> <span class='ocrx_word' id='word_1_79' title='bbox 903 1903 936 1968; x_wconf 90' lang='lat' dir='ltr'><strong>in</strong></span> <span class='ocrx_word' id='word_1_80' title='bbox 949 1927 1015 1990; x_wconf 87' lang='lat' dir='ltr'><strong>quo</strong></span> <span class='ocrx_word' id='word_1_81' title='bbox 1030 1906 1173 1986; x_wconf 80' lang='lat' dir='ltr'><strong>periculo</strong></span> 
     </span>
     <span class='ocr_line' id='line_1_12' title="bbox 151 2004 1172 2091; baseline 0.007 -26"><span class='ocrx_word' id='word_1_82' title='bbox 151 2004 217 2067; x_wconf 87' lang='lat' dir='ltr'><strong>sint</strong></span> <span class='ocrx_word' id='word_1_83' title='bbox 234 2005 356 2080; x_wconf 81' lang='lat' dir='ltr'><strong>omnia,</strong></span> <span class='ocrx_word' id='word_1_84' title='bbox 374 2024 436 2068; x_wconf 88' lang='lat' dir='ltr'><strong>uec</strong></span> <span class='ocrx_word' id='word_1_85' title='bbox 455 2005 590 2069; x_wconf 80' lang='lat' dir='ltr'><strong>obscure</strong></span> <span class='ocrx_word' id='word_1_86' title='bbox 608 2005 722 2081; x_wconf 87' lang='lat' dir='ltr'><strong>sentis,</strong></span> <span class='ocrx_word' id='word_1_87' title='bbox 752 2027 848 2090; x_wconf 79' lang='lat' dir='ltr'><strong>quam</strong></span> <span class='ocrx_word' id='word_1_88' title='bbox 866 2028 933 2069; x_wconf 88' lang='lat' dir='ltr'><strong>non</strong></span> <span class='ocrx_word' id='word_1_89' title='bbox 947 2007 1070 2089; x_wconf 77' lang='lat' dir='ltr'><strong>possint</strong></span> <span class='ocrx_word' id='word_1_90' title='bbox 1084 2010 1172 2091; x_wconf 84' lang='lat' dir='ltr'><strong>leges</strong></span> 
     </span>
     <span class='ocr_line' id='line_1_13' title="bbox 93 2104 1173 2193; baseline 0.002 -26"><span class='ocrx_word' id='word_1_91' title='bbox 93 2117 99 2131; x_wconf 94' lang='grc'>·</span> <span class='ocrx_word' id='word_1_92' title='bbox 149 2105 342 2181; x_wconf 73' lang='lat' dir='ltr'><strong>consistere,</strong></span> <span class='ocrx_word' id='word_1_93' title='bbox 371 2104 433 2173; x_wconf 89' lang='lat' dir='ltr'><strong>nisi</strong></span> <span class='ocrx_word' id='word_1_94' title='bbox 452 2126 538 2169; x_wconf 90' lang='lat' dir='ltr'><strong>nuuc</strong></span> <span class='ocrx_word' id='word_1_95' title='bbox 558 2126 615 2188; x_wconf 83' lang='lat' dir='ltr'><strong>per</strong></span> <span class='ocrx_word' id='word_1_96' title='bbox 634 2117 667 2169; x_wconf 89' lang='lat' dir='ltr'><strong>te</strong></span> <span class='ocrx_word' id='word_1_97' title='bbox 683 2119 867 2185; x_wconf 83' lang='lat' dir='ltr'><strong>serventur,</strong></span> <span class='ocrx_word' id='word_1_98' title='bbox 905 2119 937 2169; x_wconf 82' lang='lat' dir='ltr'><strong>et</strong></span> <span class='ocrx_word' id='word_1_99' title='bbox 954 2129 1050 2193; x_wconf 77' lang='lat' dir='ltr'><strong>quam</strong></span> <span class='ocrx_word' id='word_1_100' title='bbox 1068 2107 1173 2172; x_wconf 83' lang='lat' dir='ltr'><strong>omnia</strong></span> 
     </span>
     <span class='ocr_line' id='line_1_14' title="bbox 152 2204 1171 2289; baseline -0.002 -20"><span class='ocrx_word' id='word_1_101' title='bbox 152 2205 216 2269; x_wconf 82' lang='lat' dir='ltr'><strong>sint</strong></span> <span class='ocrx_word' id='word_1_102' title='bbox 237 2205 378 2285; x_wconf 78' lang='lat' dir='ltr'><strong>perdita,</strong></span> <span class='ocrx_word' id='word_1_103' title='bbox 408 2204 436 2269; x_wconf 89' lang='lat' dir='ltr'><strong>si</strong></span> <span class='ocrx_word' id='word_1_104' title='bbox 456 2208 544 2289; x_wconf 85' lang='lat' dir='ltr'><strong>leges</strong></span> <span class='ocrx_word' id='word_1_105' title='bbox 566 2219 706 2289; x_wconf 83' lang='lat' dir='ltr'><strong>pereant.</strong></span> <span class='ocrx_word' id='word_1_106' title='bbox 750 2209 833 2273; x_wconf 88' lang='lat' dir='ltr'><strong>Sunt</strong></span> <span class='ocrx_word' id='word_1_107' title='bbox 857 2208 942 2273; x_wconf 89' lang='lat' dir='ltr'><strong>enim</strong></span> <span class='ocrx_word' id='word_1_108' title='bbox 967 2212 1013 2272; x_wconf 81' lang='lat' dir='ltr'><strong>hae</strong></span> <span class='ocrx_word' id='word_1_109' title='bbox 1031 2209 1171 2272; x_wconf 69' lang='lat' dir='ltr'><strong>humente</strong></span> 
     </span>
     <span class='ocr_line' id='line_1_15' title="bbox 154 2303 1171 2393; baseline 0.001 -25"><span class='ocrx_word' id='word_1_110' title='bbox 154 2303 313 2369; x_wconf 67' lang='lat' dir='ltr'><strong>societatis</strong></span> <span class='ocrx_word' id='word_1_111' title='bbox 335 2306 477 2383; x_wconf 79' lang='lat' dir='ltr'><strong>vincula,</strong></span> <span class='ocrx_word' id='word_1_112' title='bbox 512 2318 606 2393; x_wconf 79' lang='lat' dir='ltr'><strong>atquc</strong></span> <span class='ocrx_word' id='word_1_113' title='bbox 632 2329 685 2373; x_wconf 84' lang='lat' dir='ltr'><strong>ees</strong></span> <span class='ocrx_word' id='word_1_114' title='bbox 712 2307 993 2390; x_wconf 65' lang='lat' dir='ltr'><strong>nominatiores,</strong></span> <span class='ocrx_word' id='word_1_115' title='bbox 1028 2308 1171 2369; x_wconf 88' lang='lat' dir='ltr'><strong>nondum</strong></span> 
     </span>
     <span class='ocr_line' id='line_1_16' title="bbox 155 2408 1170 2490; baseline -0.002 -17"><span class='ocrx_word' id='word_1_116' title='bbox 155 2426 269 2490; x_wconf 76' lang='lat' dir='ltr'><strong>perere</strong></span> <span class='ocrx_word' id='word_1_117' title='bbox 285 2408 421 2485; x_wconf 87' lang='lat' dir='ltr'><strong>dociles,</strong></span> <span class='ocrx_word' id='word_1_118' title='bbox 444 2422 633 2490; x_wconf 81' lang='lat' dir='ltr'><strong>acceperunt</strong></span> <span class='ocrx_word' id='word_1_119' title='bbox 647 2422 765 2487; x_wconf 78' lang='lat' dir='ltr'><strong>tamen,</strong></span> <span class='ocrx_word' id='word_1_120' title='bbox 785 2420 817 2472; x_wconf 91' lang='lat' dir='ltr'><strong>et</strong></span> <span class='ocrx_word' id='word_1_121' title='bbox 830 2410 967 2488; x_wconf 86' lang='lat' dir='ltr'><strong>posteris</strong></span> <span class='ocrx_word' id='word_1_122' title='bbox 987 2427 1046 2490; x_wconf 88' lang='lat' dir='ltr'><strong>per</strong></span> <span class='ocrx_word' id='word_1_123' title='bbox 1060 2427 1170 2471; x_wconf 76' lang='lat' dir='ltr'><strong>manus</strong></span> 
     </span>
     <span class='ocr_line' id='line_1_17' title="bbox 155 2507 1171 2593; baseline -0.005 -20"><span class='ocrx_word' id='word_1_124' title='bbox 155 2508 360 2573; x_wconf 77' lang='lat' dir='ltr'><strong>tradiderunt.</strong></span> <span class='ocrx_word' id='word_1_125' title='bbox 399 2513 476 2589; x_wconf 86' lang='lat' dir='ltr'><strong>Quae</strong></span> <span class='ocrx_word' id='word_1_126' title='bbox 497 2510 529 2585; x_wconf 67' lang='lat' dir='ltr'><strong>e)</strong></span> <span class='ocrx_word' id='word_1_127' title='bbox 547 2513 646 2593; x_wconf 82' lang='lat' dir='ltr'><strong>longo</strong></span> <span class='ocrx_word' id='word_1_128' title='bbox 662 2532 723 2574; x_wconf 89' lang='lat' dir='ltr'><strong>usu</strong></span> <span class='ocrx_word' id='word_1_129' title='bbox 742 2512 887 2585; x_wconf 74' lang='lat' dir='ltr'><strong>firmato,</strong></span> <span class='ocrx_word' id='word_1_130' title='bbox 908 2509 941 2571; x_wconf 90' lang='lat' dir='ltr'><strong>in</strong></span> <span class='ocrx_word' id='word_1_131' title='bbox 960 2527 1030 2575; x_wconf 79' lang='lat' dir='ltr'><strong>cam</strong></span> <span class='ocrx_word' id='word_1_132' title='bbox 1045 2507 1171 2569; x_wconf 80' lang='lat' dir='ltr'><strong>tandem</strong></span> 
     </span>
     <span class='ocr_line' id='line_1_18' title="bbox 151 2606 1169 2691; baseline -0.005 -18"><span class='ocrx_word' id='word_1_133' title='bbox 151 2609 367 2675; x_wconf 85' lang='lat' dir='ltr'><strong>conditionem</strong></span> <span class='ocrx_word' id='word_1_134' title='bbox 402 2623 578 2687; x_wconf 81' lang='lat' dir='ltr'><strong>venerunt,</strong></span> <span class='ocrx_word' id='word_1_135' title='bbox 623 2621 659 2675; x_wconf 89' lang='lat' dir='ltr'><strong>ut</strong></span> <span class='ocrx_word' id='word_1_136' title='bbox 693 2611 797 2679; x_wconf 85' lang='lat' dir='ltr'><strong>donec</strong></span> <span class='ocrx_word' id='word_1_137' title='bbox 841 2610 927 2691; x_wconf 79' lang='lat' dir='ltr'><strong>leges</strong></span> <span class='ocrx_word' id='word_1_138' title='bbox 966 2606 1046 2683; x_wconf 84' lang='lat' dir='ltr'><strong>sint,</strong></span> <span class='ocrx_word' id='word_1_139' title='bbox 1089 2627 1169 2681; x_wconf 89' lang='lat' dir='ltr'><strong>nos,</strong></span> 
     </span>
     <span class='ocr_line' id='line_1_19' title="bbox 151 2705 1170 2795; baseline -0.005 -22"><span class='ocrx_word' id='word_1_140' title='bbox 151 2719 323 2794; x_wconf 74' lang='lat' dir='ltr'><strong>nostraque</strong></span> <span class='ocrx_word' id='word_1_141' title='bbox 357 2710 462 2773; x_wconf 78' lang='lat' dir='ltr'><strong>omnia</strong></span> <span class='ocrx_word' id='word_1_142' title='bbox 501 2710 535 2772; x_wconf 91' lang='lat' dir='ltr'><strong>in</strong></span> <span class='ocrx_word' id='word_1_143' title='bbox 567 2721 635 2773; x_wconf 91' lang='lat' dir='ltr'><strong>tuto</strong></span> <span class='ocrx_word' id='word_1_144' title='bbox 672 2709 775 2795; x_wconf 79' lang='lat' dir='ltr'><strong>posita</strong></span> <span class='ocrx_word' id='word_1_145' title='bbox 805 2707 1037 2781; x_wconf 81' lang='lat' dir='ltr'><strong>existimemus,</strong></span> <span class='ocrx_word' id='word_1_146' title='bbox 1085 2718 1116 2769; x_wconf 83' lang='lat' dir='ltr'><strong>at</strong></span> <span class='ocrx_word' id='word_1_147' title='bbox 1143 2705 1170 2768; x_wconf 83' lang='lat' dir='ltr'><strong>si</strong></span> 
     </span>
     <span class='ocr_line' id='line_1_20' title="bbox 151 2806 1170 2895; baseline -0.003 -22"><span class='ocrx_word' id='word_1_148' title='bbox 151 2810 281 2895; x_wconf 59' lang='lat' dir='ltr'><strong>wando</strong></span> <span class='ocrx_word' id='word_1_149' title='bbox 302 2808 360 2873; x_wconf 67' lang='lat' dir='ltr'><strong>itte</strong></span> <span class='ocrx_word' id='word_1_150' title='bbox 380 2811 552 2887; x_wconf 79' lang='lat' dir='ltr'><strong>intereant,</strong></span> <span class='ocrx_word' id='word_1_151' title='bbox 580 2822 657 2872; x_wconf 88' lang='lat' dir='ltr'><strong>tunc</strong></span> <span class='ocrx_word' id='word_1_152' title='bbox 678 2811 769 2877; x_wconf 82' lang='lat' dir='ltr'><strong>simui</strong></span> <span class='ocrx_word' id='word_1_153' title='bbox 792 2806 887 2893; x_wconf 84' lang='lat' dir='ltr'><strong>hujus</strong></span> <span class='ocrx_word' id='word_1_154' title='bbox 915 2807 1041 2890; x_wconf 87' lang='lat' dir='ltr'><strong>imperii</strong></span> <span class='ocrx_word' id='word_1_155' title='bbox 1067 2808 1170 2870; x_wconf 81' lang='lat' dir='ltr'><strong>firma·</strong></span> 
     </span>
     <span class='ocr_line' id='line_1_21' title="bbox 147 2908 1168 2992; baseline -0.008 -16"><span class='ocrx_word' id='word_1_156' title='bbox 147 2922 253 2976; x_wconf 75' lang='lat' dir='ltr'><strong>mente</strong></span> <span class='ocrx_word' id='word_1_157' title='bbox 277 2930 468 2981; x_wconf 81' lang='lat' dir='ltr'><strong>concussum</strong></span> <span class='ocrx_word' id='word_1_158' title='bbox 489 2909 545 2986; x_wconf 88' lang='lat' dir='ltr'><strong>iri,</strong></span> <span class='ocrx_word' id='word_1_159' title='bbox 578 2922 611 2973; x_wconf 88' lang='lat' dir='ltr'><strong>et</strong></span> <span class='ocrx_word' id='word_1_160' title='bbox 627 2912 767 2979; x_wconf 82' lang='lat' dir='ltr'><strong>omnium</strong></span> <span class='ocrx_word' id='word_1_161' title='bbox 785 2908 992 2992; x_wconf 65' lang='lat' dir='ltr'><strong>praecipitium</strong></span> <span class='ocrx_word' id='word_1_162' title='bbox 1014 2908 1168 2972; x_wconf 74' lang='lat' dir='ltr'><strong>futurum.</strong></span> 
     </span>
     <span class='ocr_line' id='line_1_22' title="bbox 147 3008 1169 3095; baseline 0 -22"><span class='ocrx_word' id='word_1_163' title='bbox 147 3010 418 3075; x_wconf 72' lang='lat' dir='ltr'><strong>lintitnendurum</strong></span> <span class='ocrx_word' id='word_1_164' title='bbox 435 3021 540 3081; x_wconf 78' lang='lat' dir='ltr'><strong>autem</strong></span> <span class='ocrx_word' id='word_1_165' title='bbox 556 3013 662 3095; x_wconf 86' lang='lat' dir='ltr'><strong>legum</strong></span> <span class='ocrx_word' id='word_1_166' title='bbox 680 3033 774 3081; x_wconf 75' lang='lat' dir='ltr'><strong>causa</strong></span> <span class='ocrx_word' id='word_1_167' title='bbox 790 3011 871 3087; x_wconf 77' lang='lat' dir='ltr'><strong>tuis,</strong></span> <span class='ocrx_word' id='word_1_168' title='bbox 888 3009 1011 3093; x_wconf 85' lang='lat' dir='ltr'><strong>nequid</strong></span> <span class='ocrx_word' id='word_1_169' title='bbox 1028 3008 1169 3073; x_wconf 87' lang='lat' dir='ltr'><strong>cuicum</strong></span> 
     </span>
     <span class='ocr_line' id='line_1_23' title="bbox 151 3108 1169 3197; baseline 0 -25"><span class='ocrx_word' id='word_1_170' title='bbox 151 3108 266 3192; x_wconf 76' lang='lat' dir='ltr'><strong>injuria</strong></span> <span class='ocrx_word' id='word_1_171' title='bbox 282 3110 410 3181; x_wconf 76' lang='lat' dir='ltr'><strong>ulterius</strong></span> <span class='ocrx_word' id='word_1_172' title='bbox 434 3109 552 3173; x_wconf 79' lang='lat' dir='ltr'><strong>liceret.</strong></span> <span class='ocrx_word' id='word_1_173' title='bbox 609 3112 653 3177; x_wconf 82' lang='lat' dir='ltr'><strong>At</strong></span> <span class='ocrx_word' id='word_1_174' title='bbox 677 3134 746 3197; x_wconf 84' lang='lat' dir='ltr'><strong>quae</strong></span> <span class='ocrx_word' id='word_1_175' title='bbox 771 3109 873 3192; x_wconf 81' lang='lat' dir='ltr'><strong>major</strong></span> <span class='ocrx_word' id='word_1_176' title='bbox 899 3109 1033 3193; x_wconf 79' lang='lat' dir='ltr'><strong>injuria,</strong></span> <span class='ocrx_word' id='word_1_177' title='bbox 1073 3130 1169 3194; x_wconf 83' lang='lat' dir='ltr'><strong>quam</strong></span> 
     </span>
     <span class='ocr_line' id='line_1_24' title="bbox 150 3206 1169 3293; baseline -0.005 -20"><span class='ocrx_word' id='word_1_178' title='bbox 150 3210 276 3292; x_wconf 87' lang='lat' dir='ltr'><strong>eripere</strong></span> <span class='ocrx_word' id='word_1_179' title='bbox 296 3211 383 3279; x_wconf 78' lang='lat' dir='ltr'><strong>elteri</strong></span> <span class='ocrx_word' id='word_1_180' title='bbox 403 3209 522 3279; x_wconf 72' lang='lat' dir='ltr'><strong>vitant?</strong></span> <span class='ocrx_word' id='word_1_181' title='bbox 559 3212 661 3292; x_wconf 78' lang='lat' dir='ltr'><strong>Quem</strong></span> <span class='ocrx_word' id='word_1_182' title='bbox 680 3210 958 3293; x_wconf 82' lang='lat' dir='ltr'><strong>pessundabuntur</strong></span> <span class='ocrx_word' id='word_1_183' title='bbox 981 3207 1103 3280; x_wconf 82' lang='lat' dir='ltr'><strong>omnia,</strong></span> <span class='ocrx_word' id='word_1_184' title='bbox 1141 3206 1169 3270; x_wconf 89' lang='lat' dir='ltr'><strong>si</strong></span> 
     </span>
     <span class='ocr_line' id='line_1_25' title="bbox 147 3303 1201 3395; baseline -0.009 -21"><span class='ocrx_word' id='word_1_185' title='bbox 147 3312 212 3374; x_wconf 87' lang='lat' dir='ltr'><strong>hoc</strong></span> <span class='ocrx_word' id='word_1_186' title='bbox 223 3309 385 3388; x_wconf 79' lang='lat' dir='ltr'><strong>eilicebit,</strong></span> <span class='ocrx_word' id='word_1_187' title='bbox 406 3309 462 3395; x_wconf 88' lang='lat' dir='ltr'><strong>qui</strong></span> <span class='ocrx_word' id='word_1_188' title='bbox 473 3311 603 3393; x_wconf 75' lang='lat' dir='ltr'><strong>potest?</strong></span> <span class='ocrx_word' id='word_1_189' title='bbox 622 3312 709 3395; x_wconf 84' lang='lat' dir='ltr'><strong>Quid</strong></span> <span class='ocrx_word' id='word_1_190' title='bbox 721 3309 805 3375; x_wconf 85' lang='lat' dir='ltr'><strong>eninr</strong></span> <span class='ocrx_word' id='word_1_191' title='bbox 820 3307 957 3373; x_wconf 85' lang='lat' dir='ltr'><strong>divinius</strong></span> <span class='ocrx_word' id='word_1_192' title='bbox 968 3307 1019 3369; x_wconf 88' lang='lat' dir='ltr'><strong>hic</strong></span> <span class='ocrx_word' id='word_1_193' title='bbox 1031 3303 1165 3371; x_wconf 85' lang='lat' dir='ltr'><strong>hominis</strong></span> <span class='ocrx_word' id='word_1_194' title='bbox 1198 3358 1201 3365; x_wconf 93' lang='grc'><em>,</em></span> 
     </span>
     <span class='ocr_line' id='line_1_26' title="bbox 145 3401 1167 3495; baseline -0.002 -22"><span class='ocrx_word' id='word_1_195' title='bbox 145 3410 228 3473; x_wconf 72' lang='lat' dir='ltr'><strong>virt:</strong></span> <span class='ocrx_word' id='word_1_196' title='bbox 262 3432 333 3495; x_wconf 73' lang='lat' dir='ltr'><strong>qun</strong></span> <span class='ocrx_word' id='word_1_197' title='bbox 360 3430 403 3473; x_wconf 83' lang='lat' dir='ltr'><strong>ex</strong></span> <span class='ocrx_word' id='word_1_198' title='bbox 422 3412 494 3475; x_wconf 86' lang='lat' dir='ltr'><strong>Deo</strong></span> <span class='ocrx_word' id='word_1_199' title='bbox 521 3420 584 3486; x_wconf 86' lang='lat' dir='ltr'><strong>est,</strong></span> <span class='ocrx_word' id='word_1_200' title='bbox 615 3423 647 3473; x_wconf 89' lang='lat' dir='ltr'><strong>et</strong></span> <span class='ocrx_word' id='word_1_201' title='bbox 670 3432 741 3492; x_wconf 76' lang='lat' dir='ltr'><strong>pars</strong></span> <span class='ocrx_word' id='word_1_202' title='bbox 764 3411 844 3485; x_wconf 84' lang='lat' dir='ltr'><strong>Dei3</strong></span> <span class='ocrx_word' id='word_1_203' title='bbox 878 3428 973 3493; x_wconf 85' lang='lat' dir='ltr'><strong>quarn</strong></span> <span class='ocrx_word' id='word_1_204' title='bbox 996 3404 1053 3488; x_wconf 82' lang='lat' dir='ltr'><strong>qui</strong></span> <span class='ocrx_word' id='word_1_205' title='bbox 1077 3401 1167 3467; x_wconf 69' lang='lat' dir='ltr'><strong>alteri</strong></span> 
     </span>
     <span class='ocr_line' id='line_1_27' title="bbox 146 3508 1168 3605; baseline -0.011 -32"><span class='ocrx_word' id='word_1_206' title='bbox 146 3510 255 3593; x_wconf 80' lang='lat' dir='ltr'><strong>eripit,</strong></span> <span class='ocrx_word' id='word_1_207' title='bbox 277 3531 374 3605; x_wconf 81' lang='lat' dir='ltr'><strong>qunn</strong></span> <span class='ocrx_word' id='word_1_208' title='bbox 392 3508 528 3575; x_wconf 75' lang='lat' dir='ltr'><strong>violasse</strong></span> <span class='ocrx_word' id='word_1_209' title='bbox 548 3511 654 3575; x_wconf 81' lang='lat' dir='ltr'><strong>omnia</strong></span> <span class='ocrx_word' id='word_1_210' title='bbox 669 3513 818 3585; x_wconf 77' lang='lat' dir='ltr'><strong>huruuua,</strong></span> <span class='ocrx_word' id='word_1_211' title='bbox 845 3509 1017 3599; x_wconf 73' lang='lat' dir='ltr'><strong>divinaque</strong></span> <span class='ocrx_word' id='word_1_212' title='bbox 1035 3522 1168 3568; x_wconf 84' lang='lat' dir='ltr'><strong>censen-</strong></span> 
     </span>
     <span class='ocr_line' id='line_1_28' title="bbox 148 3602 1166 3693; baseline -0.007 -21"><span class='ocrx_word' id='word_1_213' title='bbox 148 3611 209 3673; x_wconf 80' lang='lat' dir='ltr'><strong>dus</strong></span> <span class='ocrx_word' id='word_1_214' title='bbox 231 3611 301 3675; x_wconf 75' lang='lat' dir='ltr'><strong>cst?</strong></span> <span class='ocrx_word' id='word_1_215' title='bbox 334 3612 442 3675; x_wconf 87' lang='lat' dir='ltr'><strong>Porro</strong></span> <span class='ocrx_word' id='word_1_216' title='bbox 462 3612 503 3674; x_wconf 87' lang='lat' dir='ltr'><strong>de</strong></span> <span class='ocrx_word' id='word_1_217' title='bbox 531 3609 908 3693; x_wconf 63' lang='lat' dir='ltr'><strong>contemnendum,</strong></span> <span class='ocrx_word' id='word_1_218' title='bbox 939 3606 995 3691; x_wconf 89' lang='lat' dir='ltr'><strong>qui</strong></span> <span class='ocrx_word' id='word_1_219' title='bbox 1016 3602 1166 3669; x_wconf 83' lang='lat' dir='ltr'><strong>interimit</strong></span> 
     </span>
     <span class='ocr_line' id='line_1_29' title="bbox 146 3705 1166 3793; baseline -0.01 -19"><span class='ocrx_word' id='word_1_220' title='bbox 146 3709 306 3781; x_wconf 80' lang='lat' dir='ltr'><strong>hominem</strong></span> <span class='ocrx_word' id='word_1_221' title='bbox 334 3710 376 3774; x_wconf 88' lang='lat' dir='ltr'><strong>de</strong></span> <span class='ocrx_word' id='word_1_222' title='bbox 406 3731 441 3777; x_wconf 87' lang='lat' dir='ltr'><strong>se</strong></span> <span class='ocrx_word' id='word_1_223' title='bbox 465 3711 583 3793; x_wconf 84' lang='lat' dir='ltr'><strong>optime</strong></span> <span class='ocrx_word' id='word_1_224' title='bbox 609 3706 781 3775; x_wconf 82' lang='lat' dir='ltr'><strong>meritum?</strong></span> <span class='ocrx_word' id='word_1_225' title='bbox 818 3710 921 3787; x_wconf 80' lang='lat' dir='ltr'><strong>Quem</strong></span> <span class='ocrx_word' id='word_1_226' title='bbox 948 3705 999 3769; x_wconf 85' lang='lat' dir='ltr'><strong>ille</strong></span> <span class='ocrx_word' id='word_1_227' title='bbox 1033 3713 1166 3785; x_wconf 85' lang='lat' dir='ltr'><strong>propter</strong></span> 
     </span>
     <span class='ocr_line' id='line_1_30' title="bbox 129 3804 1165 3897; baseline -0.012 -23"><span class='ocrx_word' id='word_1_228' title='bbox 129 3808 422 3896; x_wconf 77' lang='lat' dir='ltr'><strong>ingratitudinem,</strong></span> <span class='ocrx_word' id='word_1_229' title='bbox 457 3810 637 3897; x_wconf 74' lang='lat' dir='ltr'><strong>perfidiam,</strong></span> <span class='ocrx_word' id='word_1_230' title='bbox 677 3804 914 3880; x_wconf 77' lang='lat' dir='ltr'><strong>immanitatem,</strong></span> <span class='ocrx_word' id='word_1_231' title='bbox 945 3825 1011 3869; x_wconf 91' lang='lat' dir='ltr'><strong>uon</strong></span> <span class='ocrx_word' id='word_1_232' title='bbox 1037 3815 1099 3864; x_wconf 82' lang='lat' dir='ltr'><strong>tam</strong></span> <span class='ocrx_word' id='word_1_233' title='bbox 1123 3821 1165 3863; x_wconf 83' lang='lat' dir='ltr'><strong>ex</strong></span> 
     </span>
     <span class='ocr_line' id='line_1_31' title="bbox 143 3899 1166 4003; baseline -0.004 -30"><span class='ocrx_word' id='word_1_234' title='bbox 143 3912 254 3995; x_wconf 79' lang='lat' dir='ltr'><strong>legum</strong></span> <span class='ocrx_word' id='word_1_235' title='bbox 275 3923 404 3986; x_wconf 79' lang='lat' dir='ltr'><strong>nutura,</strong></span> <span class='ocrx_word' id='word_1_236' title='bbox 449 3932 544 4003; x_wconf 76' lang='lat' dir='ltr'><strong>qutun</strong></span> <span class='ocrx_word' id='word_1_237' title='bbox 576 3907 715 3972; x_wconf 86' lang='lat' dir='ltr'><strong>omnium</strong></span> <span class='ocrx_word' id='word_1_238' title='bbox 748 3902 902 3985; x_wconf 89' lang='lat' dir='ltr'><strong>opinione</strong></span> <span class='ocrx_word' id='word_1_239' title='bbox 941 3913 974 3964; x_wconf 87' lang='lat' dir='ltr'><strong>et</strong></span> <span class='ocrx_word' id='word_1_240' title='bbox 1011 3899 1166 3969; x_wconf 64' lang='lat' dir='ltr'><strong>sententia</strong></span> 
     </span>
     <span class='ocr_line' id='line_1_32' title="bbox 145 4000 1164 4097; baseline 0.003 -27"><span class='ocrx_word' id='word_1_241' title='bbox 145 4020 296 4093; x_wconf 74' lang='lat' dir='ltr'><strong>tauquam</strong></span> <span class='ocrx_word' id='word_1_242' title='bbox 311 4010 492 4079; x_wconf 78' lang='lat' dir='ltr'><strong>morbidum</strong></span> <span class='ocrx_word' id='word_1_243' title='bbox 509 4009 639 4097; x_wconf 78' lang='lat' dir='ltr'><strong>aliquod</strong></span> <span class='ocrx_word' id='word_1_244' title='bbox 650 4006 855 4077; x_wconf 60' lang='lat' dir='ltr'><strong>membrum&amp;</strong></span> <span class='ocrx_word' id='word_1_245' title='bbox 871 4020 1008 4088; x_wconf 70' lang='lat' dir='ltr'><strong>corpffl&#39;e</strong></span> <span class='ocrx_word' id='word_1_246' title='bbox 1023 4000 1164 4060; x_wconf 51' lang='lat' dir='ltr'>human&amp;</span> 
     </span>
     <span class='ocr_line' id='line_1_33' title="bbox 145 4099 1164 4193; baseline -0.017 -21"><span class='ocrx_word' id='word_1_247' title='bbox 145 4106 384 4193; x_wconf 78' lang='lat' dir='ltr'><strong>conjunctionis</strong></span> <span class='ocrx_word' id='word_1_248' title='bbox 399 4109 629 4176; x_wconf 85' lang='lat' dir='ltr'><strong>rescindendus</strong></span> <span class='ocrx_word' id='word_1_249' title='bbox 645 4106 716 4172; x_wconf 78' lang='lat' dir='ltr'><strong>est?</strong></span> <span class='ocrx_word' id='word_1_250' title='bbox 747 4104 845 4187; x_wconf 82' lang='lat' dir='ltr'><strong>Quod</strong></span> <span class='ocrx_word' id='word_1_251' title='bbox 861 4099 923 4163; x_wconf 82' lang='lat' dir='ltr'><strong>nisi</strong></span> <span class='ocrx_word' id='word_1_252' title='bbox 940 4101 1025 4180; x_wconf 84' lang='lat' dir='ltr'><strong>leges</strong></span> <span class='ocrx_word' id='word_1_253' title='bbox 1042 4105 1164 4168; x_wconf 87' lang='lat' dir='ltr'><strong>esseut,</strong></span> 
     </span>
     <span class='ocr_line' id='line_1_34' title="bbox 125 4198 1164 4294; baseline -0.015 -21"><span class='ocrx_word' id='word_1_254' title='bbox 125 4210 186 4273; x_wconf 80' lang='lat' dir='ltr'><strong>&#39;ad</strong></span> <span class='ocrx_word' id='word_1_255' title='bbox 208 4230 345 4294; x_wconf 81' lang='lat' dir='ltr'><strong>quorun</strong></span> <span class='ocrx_word' id='word_1_256' title='bbox 363 4211 497 4285; x_wconf 70' lang='lat' dir='ltr'><strong>formum</strong></span> <span class='ocrx_word' id='word_1_257' title='bbox 517 4230 553 4272; x_wconf 81' lang='lat' dir='ltr'><strong>ac</strong></span> <span class='ocrx_word' id='word_1_258' title='bbox 577 4207 791 4292; x_wconf 72' lang='lat' dir='ltr'><strong>praescriptum</strong></span> <span class='ocrx_word' id='word_1_259' title='bbox 817 4200 933 4284; x_wconf 81' lang='lat' dir='ltr'><strong>judicia</strong></span> <span class='ocrx_word' id='word_1_260' title='bbox 956 4198 1164 4269; x_wconf 78' lang='lat' dir='ltr'><strong>haberentur,</strong></span> 
     </span>
    </p>
   </div>
   <div class='ocr_carea' id='block_1_3' title="bbox 147 4360 343 4376">
    <p class='ocr_par' dir='ltr' id='par_1_3' title="bbox 147 4360 343 4376">
     <span class='ocr_line' id='line_1_35' title="bbox 147 4360 343 4376; baseline -0.005 -3"><span class='ocrx_word' id='word_1_261' title='bbox 147 4360 343 4376; x_wconf 46' lang='lat' dir='ltr'><strong><em>m</em></strong></span> 
     </span>
    </p>
   </div>
   <div class='ocr_carea' id='block_1_4' title="bbox 182 4442 387 4514">
    <p class='ocr_par' dir='ltr' id='par_1_4' title="bbox 182 4442 387 4514">
     <span class='ocr_line' id='line_1_36' title="bbox 182 4442 387 4514; baseline 0.015 -16"><span class='ocrx_word' id='word_1_262' title='bbox 182 4442 211 4505; x_wconf 79' lang='lat'><strong>⁸)</strong></span> <span class='ocrx_word' id='word_1_263' title='bbox 233 4456 313 4514; x_wconf 66' lang='grc' dir='ltr'><strong>ραι,</strong></span> <span class='ocrx_word' id='word_1_264' title='bbox 330 4466 387 4512; x_wconf 63' lang='grc' dir='ltr'><strong>φιτ,</strong></span> 
     </span>
    </p>
   </div>
   <div class='ocr_carea' id='block_1_5' title="bbox 0 0 1316 5108">
    <p class='ocr_par' dir='ltr' id='par_1_5' title="bbox 0 0 1316 5108">
     <span class='ocr_line' id='line_1_37' title="bbox 0 0 1316 5108; baseline 0 4"><span class='ocrx_word' id='word_1_265' title='bbox 0 0 1316 5108; x_wconf 95' lang='lat' dir='ltr'><strong> </strong></span> 
     </span>
    </p>
   </div>
  </div>
 </body>
</html>
