2624 5108
483 891 746 966 consolatoria.
1078 898 1124 976 to

116 1107 186 1151 etam
208 1106 250 1149 eo
270 1085 325 1169 qni
346 1084 392 1148 sie
414 1084 479 1147 vita
499 1083 650 1159 excessit,
680 1085 762 1147 bene
787 1095 899 1149 aetiam.
950 1090 1029 1152 Nara
1053 1110 1124 1154 cunt

113 1183 272 1271 justomrn
292 1188 323 1264 ὓ)
341 1206 428 1249 mors
450 1184 644 1265 sempiternae
666 1184 815 1249 libertatis
835 1186 957 1249 initium
978 1191 1035 1265 sit,
1075 1192 1125 1254 ille

112 1287 178 1371 jam
186 1288 266 1351 liber
276 1298 339 1363 est,
357 1286 515 1368 nullisque
526 1306 566 1346 ne
575 1285 709 1348 minimis
725 1287 853 1370 quidem
863 1288 949 1350 malis
965 1289 1125 1351 obnoxius

21 1441 27 1453 .
115 1407 225 1451 secure
244 1384 331 1472 egit.
355 1387 440 1450 Nihil
462 1386 496 1448 in
516 1386 601 1447 illum
624 1386 752 1449 fortuna
766 1387 890 1470 imperii
912 1388 1022 1462 babet,
1050 1389 1127 1451 nihil

115 1510 225 1553 omnes
253 1508 355 1550 casus.
399 1486 601 1568 Tranquillus
624 1499 686 1562 est,
718 1489 768 1549 sui
794 1500 914 1563 certus,
951 1510 987 1550 ac
1013 1490 1126 1553 fidens.

114 1592 192 1657 Non
219 1588 323 1668 eupit,
356 1606 421 1649 non
443 1587 545 1660 timet,
578 1606 644 1647 non
669 1588 798 1651 afficitur
821 1589 1027 1673 alitptatenus.
1078 1592 1127 1654 Ne

113 1688 213 1771 igitur
232 1688 278 1750 illi
299 1706 372 1749 euru
393 1697 506 1750 statum
521 1685 646 1761 invide,
678 1686 710 1747 in
729 1708 795 1769 quo
814 1699 848 1750 tu
873 1690 900 1751 si
923 1710 1026 1765 esses,
1051 1690 1128 1752 nihil

110 1787 214 1851 mistus
239 1788 354 1862 velles,
383 1808 479 1870 quam
503 1787 536 1849 in
559 1788 638 1848 bane
659 1787 802 1848 revocari
829 1789 1011 1851 semivitarn.
1057 1790 1128 1852 Jam
1227 1858 1230 1863 ,

108 1888 188 1950 illud
204 1898 240 1949 ut
252 1887 455 1949 christianum
472 1896 536 1961 est,
557 1886 598 1948 ita
617 1886 709 1969 nobis
725 1908 909 1966 persuasum
927 1909 996 1952 esse
1014 1889 1128 1965 debet,

111 2008 179 2049 non
195 1987 340 2071 extingui
358 1988 431 2050 crint
448 1986 637 2066 corporibus
653 1984 779 2052 animas.
817 1990 896 2068 Quae
915 1990 943 2051 si
964 1991 1128 2055 interirent

101 2086 221 2163 etiam,
259 2088 335 2149 nihil
360 2098 465 2150 tamen
491 2084 584 2167 pejus
610 2087 725 2148 habere
755 2089 850 2149 borno
888 2099 960 2169 post
995 2103 1129 2153 mortem

109 2200 236 2269 posset,
272 2208 367 2272 quam
392 2199 463 2250 ante
479 2188 670 2249 nativitatem
694 2187 861 2251 habuisset.
900 2189 1022 2265 Modo,
1054 2190 1130 2252 nihil

115 2287 247 2361 sentire,
283 2288 359 2350 nibil
380 2308 511 2368 prorsus
535 2286 673 2361 moveri,
709 2288 780 2370 quis
807 2310 875 2351 non
899 2291 998 2364 malit,
1037 2310 1131 2372 quant

115 2388 285 2468 languere,
312 2387 401 2473 angi,
426 2390 556 2449 morbos
578 2389 717 2469 perpeti,
745 2390 874 2465 dolere,
901 2391 1020 2470 premi,
1046 2389 1130 2452 solli·

116 2486 220 2560 citari,
253 2506 288 2547 ac
303 2487 458 2550 molestias
476 2487 613 2568 capere?
650 2489 733 2549 Hine
751 2489 811 2550 luit
833 2489 884 2550 ille
902 2491 1000 2551 credo
1019 2488 1130 2569 priscis

113 2586 252 2650 fortibus
274 2588 382 2650 mortis
400 2598 613 2669 contemptus,
640 2597 741 2648 tantus
764 2587 875 2661 eliam,
904 2598 940 2648 ut
957 2610 1025 2651 eam
1047 2591 1129 2652 ult'ro

114 2690 243 2773 apsidam
264 2689 325 2751 sssti
353 2689 574 2751 consciverint.
620 2686 726 2748 Habes
753 2690 913 2769 exempla,
954 2688 1069 2770 quihus
1099 2701 1129 2752 te

115 2789 298 2852 consoleris.
351 2790 426 2853 Duo
447 2797 541 2853 Decii
564 2808 630 2849 non
653 2789 786 2865 timuere
813 2800 1016 2870 spontaneam
1043 2790 1129 2853 adire

115 2900 248 2952 mortem
263 2910 322 2972 pro
339 2889 448 2971 patria.
486 2891 581 2962 Cato,
602 2911 643 2950 ne
663 2888 693 2949 iu
713 2889 853 2968 'l'pranr'ti
866 2913 975 2955 manus
990 2891 1128 2965 veniret,
1209 2883 1212 2886 ⁴

112 2992 201 3052 ultro
224 3008 257 3051 se
281 2988 371 3053 ferro
396 2989 507 3051 induit.
547 2988 626 3050 ltcm
652 3000 727 3049 tunc
746 3002 853 3070 Scipio
873 3014 908 3055 ac
930 3000 1034 3068 Jahn,
1057 3003 1131 3075 post

115 3089 306 3171 alitprantum
339 3096 456 3151 Brutus
474 3098 504 3149 el
531 3098 680 3166 Cassius,
720 3092 872 3171 multique
902 3091 952 3154 alii
981 3080 1040 3173 pio
1073 3115 1130 3156 sua

116 3190 253 3273 quistpse
262 3191 413 3253 libertate.
451 3191 558 3271 thue
575 3188 667 3249 ctiam
679 3187 820 3250 laminas
835 3191 896 3250 hoe
908 3189 1023 3252 secisse
1036 3192 1127 3264 seias;

116 3292 286 3360 Lucretia,
315 3292 461 3354 Romana
490 3287 617 3362 mulier,
653 3288 808 3370 pudicitiae
840 3290 910 3350 zelo
945 3291 1029 3350 bunc
1059 3288 1129 3350 vitae

113 3386 211 3451 linem
229 3390 344 3452 statuit.
387 3399 554 3469 Cleopatra
576 3389 732 3472 Aegyptia
750 3388 916 3453 fortiorem
939 3388 998 3452 sibi
1022 3387 1129 3450 interi-

112 3501 179 3553 tum
194 3490 375 3574 usurpavit,
403 3511 497 3573 qttarn
513 3490 544 3551 hi
562 3511 666 3552 mores
682 3489 770 3570 (ligni
787 3500 901 3553 essent.
941 3490 1003 3552 Sed
1018 3509 1130 3551 eorum

115 3590 158 3652 ad
182 3602 213 3651 te
234 3590 335 3675 magis
355 3593 499 3671 exempla
517 3588 691 3671 pertinent,
723 3588 779 3670 qui
796 3608 926 3652 suorum
949 3587 1011 3651 fata
1037 3608 1129 3673 aeqtto

117 3688 222 3751 animo
240 3692 390 3755 tulerunt.
429 3690 504 3754 Sive
525 3690 622 3773 igitur
645 3687 749 3749 fabula
772 3700 837 3763 est,
873 3688 940 3752 sive
960 3691 1130 3772 legentium

115 3790 211 3852 fidem
236 3803 392 3866 meretur,
432 3791 521 3874 quod
548 3790 588 3852 tle
615 3789 720 3856 Prode
755 3788 904 3868 scripturn
935 3790 1132 3872 reliquerunt

110 3900 241 3954 veteres
268 3902 415 3966 autores,
453 3911 538 3973 pone
573 3900 643 3951 ente
678 3888 787 3948 oculos
819 3886 876 3947 tihi
907 3908 1014 3950 senem
1046 3888 1132 3949 illum

113 4001 302 4073 Priamum,
329 3990 450 4075 ingenti
470 3989 573 4053 animo
591 3988 693 4050 effata
715 3983 777 4066 jam
797 3995 902 4060 aetate,
930 4008 1056 4048 suanam
1072 3989 1132 4047 ela·

117 4090 208 4155 (litam
236 4102 453 4172 spectatorem.
508 4091 550 4152 Et
579 4098 666 4152 erant
700 4088 745 4148 bre
773 4083 986 4148 acerbissimae.
1042 4085 1133 4146 Vidit

118 4190 207 4254 enirn
224 4201 271 4253 tot
291 4192 429 4255 liliorum
448 4208 560 4262 neces,
579 4187 834 4271 propinquorum
856 4207 891 4248 ac
915 4206 1045 4247 suorum
1067 4205 1133 4246 om·

116 4289 210 4355 nium
226 4301 376 4374 stragem,
396 4312 458 4353 suae
469 4289 619 4366 civitatis,
639 4288 688 4352 sui
703 4287 794 4372 regni
813 4286 986 4361 excidium,
1007 4305 1133 4348 suarum

154 4472 186 4543 ¹)
203 4481 326 4529 zwisalten
338 4492 390 4528 cure
408 4500 441 4514 -
457 4490 520 4526 mers
529 4472 693 4538 justorum
710 4476 838 4536 belrehlrt.

154 4612 369 4674 mamam
775 4582 801 4654 4
