2624 5108
174 291 179 298 v

561 315 565 318 .
638 309 652 318 n-
722 313 736 316 -

485 869 621 946 ‘Oratio
646 869 824 948 Secunda
902 924 905 929 -
1096 883 1167 953 tos
1202 902 1211 927 1

147 1063 201 1149 qrai
226 1074 285 1127 tuo
310 1062 430 1127 nomini
456 1065 608 1127 maculam
625 1063 765 1127 inumnt.
803 1065 943 1147 imperio
962 1070 1163 1133 eversionem

144 1162 342 1238 moliuntur,
363 1163 455 1227 bonis
474 1163 551 1227 viris
570 1162 743 1245 perniciem
761 1162 939 1226 invehunt?
959 1198 992 1212 -·
1012 1168 1086 1230 Noli
1105 1171 1163 1231 bos

146 1265 231 1326 alere
250 1263 472 1369 agGermanid
487 1263 640 1346 pessimos
655 1284 771 1327 mores.
809 1263 883 1325 Noli
903 1263 1049 1328 dominos
1062 1267 1164 1350 impo-

147 1383 226 1426 nere
246 1362 354 1439 nobis,
375 1376 408 1427 et
426 1383 483 1427 eos
503 1363 691 1438 insolentes,
718 1363 822 1439 soros,
849 1365 1010 1439 crudeles,
1038 1367 1164 1447 sangui-

149 1462 275 1539 narios,
294 1483 333 1527 ac
341 1463 452 1545 populi
462 1483 588 1543 semper
596 1463 687 1526 liberi
699 1475 874 1528 voratores.
899 1463 1004 1539 Noli,
1024 1464 1163 1548 inquam,

150 1574 269 1626 tanaim
285 1563 378 1627 nobis
399 1563 570 1627 obtrudere
589 1564 744 1626 dedecus!
771 1584 831 1627 nee
847 1565 938 1628 istam
954 1564 1023 1626 sine
1042 1574 1165 1646 tempo·

148 1663 236 1726 ribus
254 1662 317 1727 tuis
335 1672 440 1725 notam
461 1663 578 1746 infligi!
605 1664 737 1746 Suscipe
757 1686 882 1728 causam
898 1663 1041 1745 justitias,
1071 1666 1163 1743 fidei,

146 1785 182 1825 ac
197 1762 380 1847 religionis,
398 1772 523 1825 causam
541 1764 636 1826 totius
655 1765 845 1840 Germaniae,
865 1765 1007 1829 universi
1023 1767 1164 1849 imperii!

145 1864 310 1925 Memento
324 1875 454 1926 tuorum
466 1860 638 1943 majorum,
650 1864 700 1944 tui
710 1869 824 1940 status,
844 1876 906 1929 tura
916 1864 1165 1930 existimationis.

149 1963 199 2024 Te
215 1962 398 2038 Germania,
424 1974 463 2041 ut
478 1963 632 2026 bellorum
653 1963 695 2028 sis
717 1964 966 2042 administrator,
994 1977 1026 2026 ot
1042 1964 1166 2047 imperii

146 2060 241 2142 bajus
272 2073 374 2140 tutor,
400 2063 636 2145 imperatorem
663 2063 757 2147 legit3
791 2067 834 2128 ob
863 2067 962 2149 idque
992 2065 1027 2127 in
1057 2086 1166 2129 omnes

145 2173 279 2227 eventus
304 2172 337 2225 te
363 2163 562 2238 comitatur,
580 2164 638 2226 tibi
662 2177 760 2245 paret.
798 2166 873 2228 Noli
893 2169 955 2229 hoc
980 2167 1052 2230 leve
1073 2165 1166 2227 nobis

148 2259 260 2343 jugum
291 2263 332 2339 (si
358 2260 472 2345 jugum
496 2275 544 2325 est
576 2265 699 2344 potius,
743 2287 838 2348 quam
866 2263 1017 2327 libertatis
1051 2274 1165 2325 normas

150 2355 362 2437 conservatio)
388 2363 522 2425 admissa
543 2363 660 2434 saevitia
678 2384 775 2442 mave
794 2386 830 2427 ac
853 2363 1002 2427 odiosum
1019 2362 1165 2426 reddere.

151 2458 282 2541 Extirpa
295 2480 483 2540 magnorum
495 2464 648 2525 malorum
664 2466 866 2544 pullulantem
880 2463 1044 2525 fruticem!
1064 2461 1166 2524 Dirae

134 2571 340 2650 ¹crescentem
358 2559 392 2622 in
409 2573 548 2625 nostram
566 2561 755 2644 perniciem,
774 2559 1166 2647 nostrasquecalamitates

145 2661 272 2723 molem.
330 2661 466 2724 Exsicca
494 2662 876 2736 venenosum-dolorum
902 2681 939 2746 ac
964 2659 1167 2723 afflictionum

147 2760 289 2834 iontem,
315 2762 401 2823 unde
426 2760 477 2823 isti
498 2774 643 2823 emanant
661 2761 840 2842 pestilentes
855 2761 976 2836 morbi,
1004 2780 1071 2843 quo
1090 2780 1168 2823 con·

137 2858 228 2927 ,sistit
251 2861 313 2921 boc
341 2860 491 2925 libertatis
517 2862 648 2942 publica·
673 2860 889 2944 precipitium.
938 2861 1009 2923 Vos
1035 2878 1168 2943 quoquae
1204 2878 1216 2909 ··-

144 2960 317 3035 Germani,
347 2971 500 3041 natantum
526 2961 560 3024 in
584 2960 676 3023 vobis
706 2973 770 3037 est,
802 2984 844 3031 ne
867 2961 974 3024 ducite
999 2964 1084 3024 rem!
1118 2960 1167 3022 Ne

147 3078 283 3141 aegrum,
310 3063 400 3142 quod
419 3059 597 3141 judicastis,
625 3060 761 3124 edicite!
792 3064 870 3124 Hace
885 3060 979 3122 istius
996 3060 1079 3123 ratio
1103 3070 1167 3135 est,

150 3168 185 3219 nt
201 3180 260 3222 nos
277 3159 422 3235 differat,
448 3161 498 3223 sui
515 3161 545 3236 a)
560 3160 685 3237 interim
707 3160 820 3227 odium
832 3158 992 3221 minuatur
1006 3159 1073 3232 aa),
1099 3158 1168 3236 ipsc

150 3256 313 3320 intervallo
328 3280 454 3336 causam
470 3259 567 3336 dicat,
587 3272 619 3323 et
634 3260 720 3342 apud
735 3262 873 3341 placatos
890 3255 954 3335 jam
966 3256 1167 3336 respondeat.

148 3357 311 3439 Opponita
339 3360 540 3427 consilium!
572 3363 640 3422 Nec
672 3361 757 3423 istud
785 3358 830 3424 illi
862 3355 975 3432 sinite,
1017 3355 1169 3436 procedat

144 3462 380 3522 commentum!
426 3459 514 3541 Quid
539 3459 624 3521 cnim
654 3459 778 3539 turpius
791 3516 794 3520 ,
808 3471 877 3539 est,
924 3476 1103 3541 quam-reo
1135 3455 1169 3516 in

147 3556 299 3636 iudicium
323 3558 462 3621 adducto
488 3559 733 3634 nocentissimo„
771 3557 842 3639 ejus
867 3559 998 3622 arbitrio
1027 3555 1168 3620 dicenda

149 3657 350 3723 maradian
365 3657 535 3739 praefiniri?
573 3657 658 3720 Talis
681 3668 786 3720 autem
801 3661 867 3720 hac
886 3667 1062 3731 causaest,
1082 3667 1118 3719 ut
1135 3655 1169 3717 in

146 3776 184 3818 ea
201 3759 242 3821 de
256 3759 549 3841 malefactorepost
565 3757 728 3821 hominurn
744 3758 929 3820 memoriam
947 3753 1168 3824 scelestissimo

133 3895 137 3903 ·
144 3855 353 3935 judicandum
380 3858 444 3930 sit,
467 3870 585 3930 νοείτω
612 3854 832 3937 integritatis,
858 3857 1024 3920 Germani!
1058 3865 1168 3918 vestrae

143 3956 340 4022 fortitudinis
355 3959 531 4038 periculum
546 3960 615 4031 fiat,
637 3957 777 4039 licitique
790 3956 831 4018 dc
846 3953 907 4020 isto
921 3976 997 4028 vos,
1018 3955 1059 4015 de
1075 3954 1169 4013 vobis

143 4066 299 4121 terrarum
325 4058 412 4121 orbis
440 4059 625 4122 sententiam
651 4059 770 4118 laturus
795 4055 846 4118 sit.
897 4055 965 4115 Nec
995 4063 1056 4112 tam
1080 4049 1169 4111 istius

142 4157 247 4219 scelus
265 4160 327 4220 boc
342 4157 482 4238 judicio,
518 4178 614 4242 quam
631 4178 697 4240 quo
716 4167 799 4220 statu
823 4155 954 4237 posthac
971 4148 1171 4214 Germaniam

140 4275 217 4317 esse
244 4257 364 4335 velitis,
392 4258 508 4345 agitur.n
552 4259 621 4321 Nec
644 4256 853 4349 ‚spectandum
877 4265 971 4337 puto,
1013 4270 1109 4335 quiam
1132 4248 1172 4313 sit

147 4400 345 4416 ψ

177 4484 206 4552 ⁴)
226 4497 281 4552 sut,
299 4507 373 4542 snum.
411 4484 459 4556 ⁴⁴)
477 4497 606 4542 intonatur
616 4528 627 4556 ,
646 4493 796 4553 refrigescat.
