2624 5108
217 1354 272 1427 In
305 1352 575 1427 Ulriehum
598 1354 1106 1452 Wirtenbergensem
1131 1334 1141 1435 s

447 1492 616 1567 Oratio
642 1491 866 1565 Secunda.

144 1756 302 1860 Poteras,
346 1804 416 1867 quse
438 1794 492 1847 tua
517 1794 565 1848 est
591 1786 771 1862 clenentia,
808 1783 914 1849 Cesar
939 1786 1166 1877 Maximiliaue,

144 1896 250 1949 oratus
270 1883 311 1945 ab
331 1884 395 1947 hoe
415 1906 491 1961 reo,
521 1885 549 1949 si
568 1906 635 1947 non
656 1887 695 1949 od
718 1888 859 1963 venium,
888 1888 927 1950 nd
948 1888 1053 1953 mitius
1081 1902 1167 1954 certe

142 1984 332 2067 supplicium
360 1984 461 2062 flecti,
496 1985 556 2049 nisi
587 1985 638 2048 ille
667 2007 755 2049 novo
784 1999 816 2050 et
847 1988 965 2065 atroci,
1002 1993 1083 2071 proh
1111 1991 1165 2054 Dii

144 2088 357 2152 immortales!
394 2088 515 2149 scelere
544 2086 651 2149 medio
679 2088 740 2149 hoe
768 2086 911 2168 judicio,
947 2088 1030 2153 intro
1056 2093 1164 2176 legum
1195 2145 1199 2152 .

143 2210 177 2249 oe
192 2186 272 2269 juris
294 2198 402 2267 septo,
433 2186 468 2247 in
483 2186 554 2266 ipso
569 2206 652 2266 pene
668 2185 788 2250 furoris
806 2209 843 2250 ae
859 2191 1084 2254 malevolentiae
1101 2215 1165 2257 sue

144 2308 271 2349 earcere
299 2286 505 2362 ostendisset,
538 2308 634 2371 quam
662 2297 693 2349 te
716 2308 784 2349 non
813 2300 944 2361 metuet,
983 2294 1075 2371 qutm
1101 2289 1163 2370 jus,

146 2389 259 2469 fasque
279 2398 477 2462 contemnat,
505 2393 599 2471 qutun
612 2398 733 2449 mutare
745 2389 803 2450 hos
821 2409 926 2451 mores
950 2408 1018 2449 non
1035 2389 1170 2471 cogitet.

148 2488 191 2549 Ut
202 2486 259 2569 qui
268 2482 300 2561 ¹¹³)
309 2486 342 2549 iu
353 2499 498 2573 extremo
512 2508 572 2550 suo
585 2488 727 2569 periculo
739 2487 772 2548 in
784 2508 907 2550 summo
925 2488 1165 2553 existimationis

147 2608 182 2649 se
205 2586 406 2651 fortunarum
443 2600 571 2651 suerum
609 2586 804 2663 discrimine,
843 2587 982 2650 ferocire
1021 2589 1165 2654 nondum

145 2688 263 2751 destitit
277 2690 342 2764 (τ’),
377 2688 435 2751 sed
463 2709 535 2750 oum
564 2708 603 2751 ea
631 2686 719 2766 prius
749 2686 783 2748 in
814 2686 891 2749 alios
924 2686 1164 2768 commississet,

145 2810 286 2872 quorum
306 2809 326 2850 a
344 2789 430 2850 nullo
459 2785 567 2867 judice
595 2786 719 2849 veniam
742 2786 908 2869 impetrare
931 2786 1057 2863 debuit,
1089 2789 1166 2853 dum

145 2889 253 2953 nescio
281 2909 347 2973 quo
374 2888 508 2951 oonsilio
531 2889 593 2950 hoe
617 2885 770 2970 judicium
794 2888 957 2964 differtur,
991 2908 1085 2952 ausus
1117 2902 1167 2954 est

143 2990 176 3051 in
201 3002 273 3053 tuus
299 2989 574 3073 propinquitates,
610 2998 701 3049 tunm
729 2972 935 3069 soriguinem,
970 2990 1166 3053 truetdentiae

143 3112 209 3152 sne
231 3090 293 3153 tela
320 3088 470 3171 ejecnlori
489 3089 565 3162 W).
615 3086 770 3150 Omnibus
798 3087 882 3150 enim
913 3089 1030 3171 possim
1058 3090 1166 3153 existi·

144 3188 317 3267 montibus,
345 3202 540 3263 conaturum,
559 3189 670 3262 istum,
702 3198 738 3249 ut
762 3186 877 3249 delicto
898 3186 1024 3250 veniam
1053 3210 1168 3251 conse·

143 3303 302 3375 queretur
320 3289 424 3368 W),
451 3294 549 3373 longe
566 3299 676 3351 contre
691 3286 808 3350 evenit.
845 3287 888 3349 Ut
902 3286 939 3362 †)
957 3284 1021 3365 jem
1037 3288 1167 3368 plenum

140 3393 199 3469 sit,
219 3392 362 3469 veniam,
382 3414 451 3476 qnae
467 3389 587 3472 potenti
605 3407 737 3471 quoque
753 3386 887 3451 concedi
902 3384 1029 3449 minime
1045 3384 1167 3462 debuit,

141 3515 183 3555 ue
206 3492 275 3574 peti
300 3492 448 3578 quidem,
484 3502 517 3553 et
544 3490 709 3561 effectum,
741 3498 778 3549 ut
804 3489 1042 3575 ernernlaturum
1073 3487 1168 3553 istum

143 3592 321 3657 institutum
341 3593 413 3655 vite
434 3612 536 3673 genus
556 3608 685 3671 sperare
705 3605 800 3649 nemo
818 3587 928 3668 possit.
966 3588 1063 3668 Quod
1083 3588 1168 3652 eninr

143 3693 284 3763 melioris
310 3693 465 3757 indicium
487 3690 675 3762 voluntatis,
711 3696 764 3747 nn
787 3685 876 3768 quod
901 3687 1052 3749 immutati
1075 3688 1169 3749 enimi

143 3792 269 3877 signum
284 3794 429 3875 prefert,
452 3790 509 3875 qui
525 3792 586 3853 hoe
599 3808 659 3852 suo
677 3797 740 3847 tam
757 3783 856 3847 atroci
870 3784 999 3867 vigente
1013 3787 1167 3867 periculo,

142 3904 175 3955 te
196 3894 402 3978 gravissime,
432 3892 473 3955 etl
497 3890 663 3968 Principes
688 3905 725 3948 se
749 3883 904 3967 populum
932 3884 1105 3947 Germaniae
1128 3886 1170 3949 de

140 3990 216 4074 ejus
239 3994 342 4073 eapite
365 3992 544 4065 referente,
563 3986 660 4053 uxori
677 4007 760 4061 sue,
779 3979 1001 4056 nobilissime,
1020 4004 1057 4045 oe
1078 3985 1170 4065 pudi-

140 4091 276 4157 cissimae
300 4092 443 4168 femine,
473 4101 550 4166 tue,
579 4086 685 4153 Cesar
697 4087 777 4161 ††)!
814 4081 919 4164 nepti,
946 4092 1057 4145 vestre
1069 4084 1169 4161 †††),

179 4273 213 4339 ⁴>
240 4282 274 4327 us
291 4284 351 4339 qn,
377 4282 423 4341 qn.
467 4270 512 4342 2⁰)
529 4276 639 4337 nsunt,
658 4276 779 4325 nnnent.
824 4265 887 4335 m)
901 4275 1043 4335 uacuae,
1059 4272 1170 4327 neuun.

178 4356 263 4421 Μ’)
281 4376 491 4425 consequeretur,
512 4366 679 4421 consequatur.
726 4354 758 4426 †>
781 4363 826 4419 Ut,
845 4363 878 4406 ut.
914 4350 962 4418 ii)
980 4358 1103 4406 zwischen
1126 4360 1171 4403 tue.

176 4473 212 4487 -
230 4452 323 4498 cesar:
348 4452 516 4500 tuotcttsstms
536 4446 755 4506 dorchgestrtcheu,
796 4436 863 4505 †††)
881 4445 970 4501 eberiso
990 4442 1051 4495 neth
1069 4445 1172 4497 vestrm?

177 4538 356 4587 illustrissimi.
