2842 4738
280 441 351 527 498
654 431 913 518 Exhortatoria

178 691 180 696 .
280 616 406 706 Utinam
428 631 479 695 hie
503 647 595 696 mnes
620 639 760 708 vestras,
786 626 914 702 nescio,
944 645 1008 711 qua
1027 625 1090 703 iam
1109 623 1186 688 olim
1204 637 1302 700 cera,

279 755 345 818 quo
364 729 518 796 bitumine
537 731 737 803 obtburatas,
754 727 821 810 :pto
846 731 972 790 hortatu
997 735 1171 807 penetrem.
1214 725 1303 788 For-

277 831 388 896 tissimi
407 831 484 906 viri,
504 828 689 892 nobilissimi
707 825 887 910 Principes,
903 849 947 890 ue
966 825 1099 889 intereat
1118 825 1303 902 Germania,

278 949 315 993 ac
332 929 365 992 in
385 927 452 1010 ipsa
467 949 526 991 vos
545 927 728 1004 Germania,
748 949 789 990 ne
805 949 856 992 res
871 925 1046 996 Christiana
1057 925 1200 990 funditus
1215 937 1302 1002 ruat,

277 1051 313 1093 ac
330 1029 361 1092 ei
373 1050 432 1092 vos
443 1031 541 1092 ruinae
558 1049 682 1112 causam
694 1029 862 1108 prodetis,
884 1047 1010 1111 quasso,
1029 1027 1179 1114 deponite
1191 1025 1303 1089 simul·

230 1181 237 1196 .
275 1139 353 1192 tates
362 1129 435 1192 istas
448 1175 458 1205 ,
472 1149 608 1212 quassos
621 1127 748 1209 publico
760 1129 925 1191 involvunt
937 1127 1024 1190 odio.
1056 1125 1134 1190 Istas
1147 1130 1301 1190 coercete

276 1227 353 1306 iras,
371 1247 440 1313 que
453 1227 572 1292 luroris
587 1249 680 1292 causo
695 1231 792 1311 vulgo
806 1239 889 1291 saint.
914 1227 1128 1291 Ambitionem
1139 1227 1300 1290 constrin-

275 1329 356 1413 gite,
380 1328 494 1412 quaein
509 1339 677 1392 commune
693 1329 869 1410 expatiatur
878 1331 1004 1392 malum.
1033 1325 1236 1408 compescite
1247 1325 1300 1388 in-

276 1429 390 1495 testina
400 1428 490 1505 bella,
503 1449 539 1491 ac
552 1429 629 1492 istos
643 1428 725 1492 intra
734 1428 864 1508 patriam
875 1448 916 1490 ne
929 1428 1000 1490 alite
1013 1429 1175 1492 tumultus.
1191 1429 1258 1492 Aut
1267 1425 1298 1488 si

275 1529 350 1592 libet
362 1527 478 1592 bellum
487 1549 618 1608 gerere,
630 1539 662 1591 et
672 1529 836 1612 quiescere
848 1549 914 1590 non
923 1527 1014 1604 libet,
1025 1528 1052 1590 si
1061 1526 1181 1590 animus
1190 1527 1296 1603 irasci,
1360 1539 1368 1550 '

273 1627 413 1711 litigare,
430 1629 585 1710 proeliari,
602 1631 810 1705 tumultuare,
829 1639 923 1710 atque
936 1629 1017 1692 adeo
1030 1627 1168 1690 insanire
1186 1625 1213 1690 si
1227 1627 1296 1690 ani-

272 1741 343 1793 'mus
355 1729 465 1812 gestit,
477 1749 571 1794 causa
585 1741 646 1805 est,
664 1729 789 1792 occasio
800 1739 864 1802 est,
885 1739 920 1790 ut
931 1727 1149 1791 honestissime
1156 1728 1297 1808 possitis,

273 1833 309 1893 dt
329 1841 456 1907 vestro,
483 1839 519 1892 ut
537 1827 695 1892 comdtuni
722 1829 819 1891 totius
837 1828 962 1909 patriae,
985 1836 1023 1892 ut
1042 1828 1184 1892 omnium
1201 1825 1296 1890 clm·-

273 1930 446 1994 stianorunt
466 1928 638 1992 commodo
662 1926 744 1990 illam
768 1929 886 1992 irarum
905 1949 942 1992 ac
960 1928 1148 1992 simultatum
1165 1938 1214 1992 tot
1230 1926 1294 2008 jam

267 2043 373 2091 'annos
392 2031 605 2092 confluentem
624 2028 658 2091 in
675 2047 735 2090 vos
753 2030 892 2106 lernam,
923 2028 1043 2092 eluatis.
1086 2029 1188 2092 Foras
1208 2027 1294 2092 enim

272 2129 499 2195 istaevonere
522 2127 681 2192 convenit.
726 2129 823 2210 Quod
848 2128 909 2192 nisi
933 2129 1055 2206 iacitis,
1084 2129 1295 2192 cabrunos

251 2231 435 2325 Ngrassandi
457 2231 557 2292 linem
586 2229 707 2305 facitis,
745 2241 818 2291 uon
840 2229 926 2292 leret
944 2231 1082 2311 populus
1102 2229 1292 2306 Germanus,

260 2330 331 2416 >qui
348 2330 392 2394 sic
412 2329 623 2404 imminuitur,
643 2329 688 2391 sic
708 2327 873 2412 affligitur,
897 2327 942 2391 sic
960 2330 1180 2414 pessundatur.
1218 2330 1293 2391 Nou

256 2419 354 2493 'lebet
380 2429 527 2513 inquam,
556 2428 614 2492 setl
639 2430 727 2490 volet
751 2449 845 2492 suum
868 2429 1119 2504 incommodum,
1148 2427 1293 2512 quando·

272 2530 401 2613 quidem
424 2529 498 2593 bine
521 2528 659 2609 prodiit,
696 2539 802 2591 vestro
827 2530 980 2608 resarcire
1007 2529 1106 2604 malo,
1140 2539 1175 2591 et
1195 2527 1291 2590 timeo

270 2648 312 2694 ne
330 2629 470 2708 maximo
489 2629 582 2692 malo.
621 2627 664 2690 At
689 2627 799 2710 fingite
822 2629 926 2696 mitius
950 2630 1164 2692 consultarem
1181 2627 1292 2690 meon-

256 2729 382 2794 ·sultam
400 2731 547 2812 plebem,
579 2747 615 2798 ac
640 2727 667 2792 si
693 2749 754 2810 qua
774 2726 812 2821 'in
835 2749 894 2791 vos
914 2728 1094 2807 conjuratio
1114 2737 1291 2802 moveatur,
1357 2777 1360 2782 .

237 2841 239 2844 '
271 2827 299 2894 s'i
320 2827 391 2912 quis
411 2832 562 2892 tumultus
586 2828 745 2910 insurgat,
768 2825 861 2904 iore,
885 2839 924 2892 ut
945 2829 987 2892 ad
998 2827 1206 2900 'uenditioues
1225 2825 1292 2888 adi·

272 2929 410 3013 gamini‚
442 2927 535 3003 lore,
570 2937 606 2988 ut
631 2926 774 3008 quadum
802 2927 990 3011 quibusdam
1015 2927 1134 2992 morbis
1162 2927 1291 2991 medela·

270 3037 480 3107 apponantur.
530 3027 652 3086 'l‘amcn
677 3027 904 3091 amanrlentum
931 3029 992 3091 erit
1016 3030 1078 3092 boc
1104 3027 1290 3112 remedium,

270 3125 404 3190 mordax
433 3136 466 3186 et
490 3123 610 3189 doloris
631 3125 723 3204 plena
745 3127 914 3198 medicina.
952 3129 1087 3210 (litando
1111 3128 1209 3211 igitur
1232 3144 1293 3207 per

270 3235 395 3288 vosmet
418 3224 505 3307 ipsos
530 3228 752 3290 convalescere
774 3226 868 3290 uobis
895 3228 985 3304 licet,
1009 3249 1052 3292 vac
1070 3245 1178 3292 seeum
1197 3227 1292 3291 babet

272 3325 408 3418 quisque
426 3327 628 3405 medicinam,
648 3339 684 3392 ut
702 3351 769 3393 non
784 3349 868 3411 opus
888 3329 927 3394 sit
946 3329 1072 3392 aliunde
1087 3349 1161 3392 cum
1176 3327 1290 3390 dolore

271 3437 325 3490 aut
336 3427 480 3490 molestia
493 3429 652 3510 accipere,
669 3441 705 3492 ut
718 3431 896 3500 consultum
906 3425 948 3494 sit¹
958 3429 1066 3505 vobis,
1082 3428 1117 3492 in
1128 3425 1289 3511 publicum

270 3526 437 3592 consulite.
469 3529 512 3591 Ut
530 3549 590 3592 vos
610 3531 757 3606 servetis,
778 3530 878 3592 nostri
897 3548 1004 3592 curam
1021 3529 1116 3610 agite.
1147 3525 1289 3592 Maxime

270 3649 329 3690 vos
348 3639 453 3709 petet,
484 3647 520 3690 ae
541 3627 740 3692 acerbissime
761 3629 874 3705 feriet,
899 3629 1002 3704 unde,
1032 3629 1118 3691 unde
1142 3628 1193 3691 illa
1217 3636 1290 3690 ruat

270 3737 454 3809 tempestas,
485 3727 534 3789 illa
554 3726 679 3790 decidat
695 3732 847 3809 procella.
893 3727 989 3810 Quod
1006 3728 1033 3790 si
1052 3730 1138 3790 nullo
1158 3726 1288 3808 publico

256 3829 352 3892 nato
371 3839 476 3890 vestra
495 3827 764 3905 essentAEssitlia,
791 3841 895 3892 tamen
913 3829 988 3912 quia
1009 3839 1102 3908 turpe
1120 3839 1188 3903 est,
1208 3827 1289 3890 inter

272 3929 447 3992 Germanos
460 3939 593 3994 externo
605 3929 764 4002 lacessitos
777 3929 879 4005 bello,
900 3929 1008 3992 civiles
1021 3947 1091 3990 esse
1103 3927 1289 4002 discordias,

271 4028 434 4096 intestinos
460 4027 591 4092 excitari
614 4049 650 4091 ac
672 4029 711 4092 ali
729 4031 896 4106 tumultus,
927 4027 1186 4102 oeconomiis,
1216 4037 1252 4090 ut
1270 4047 1291 4086 a
