2624 5108
158 840 223 910 112
391 831 434 911 Iu
458 829 644 907 Ulrichum
667 831 918 932 Wirtenbcrg.

152 1036 185 1096 et
207 1048 303 1112 quern
320 1024 396 1095 tacti
414 1045 481 1091 non
504 1022 650 1106 penitet,
674 1034 707 1086 et
729 1024 786 1108 qrsi
807 1044 867 1087 vos
891 1024 1057 1101 Gemini,
1084 1045 1163 1089 con·

152 1129 280 1205 temnit,
308 1127 402 1205 liujus
426 1120 537 1209 judicii
555 1125 684 1202 diebus,
716 1127 774 1189 bac
795 1146 853 1197 sua
879 1126 1064 1196 calamitate,
1098 1128 1160 1190 hoc

151 1228 307 1310 periculo,
330 1248 426 1292 nuens
442 1246 544 1303 nova,
563 1236 596 1289 et
612 1225 746 1302 scona,
765 1235 807 1288 ut
819 1244 929 1289 omnes
945 1239 1159 1309 cognoscant,

151 1350 245 1413 quum
258 1328 335 1394 nihil
352 1328 442 1410 pensi
459 1327 588 1403 hebeat,
608 1326 712 1409 etqui
731 1327 808 1389 dum
823 1327 882 1389 hos
902 1328 993 1411 leget·
1003 1330 1084 1405 huc,
1104 1327 1159 1411 qui

149 1451 184 1494 se
208 1440 378 1505 excusent,
412 1429 468 1511 qui
492 1427 616 1490 veniam
643 1437 755 1502 orent,
785 1425 910 1503 idest,
937 1428 994 1513 qui
1016 1427 1158 1492 (licendo

149 1549 249 1593 cause
281 1541 405 1610 tempus
436 1538 630 1612 prorogent,
668 1526 793 1589 interim
823 1548 909 1591 erma
942 1528 1085 1613 disponit
1111 1526 1160 1606 *),

149 1629 261 1694 milites
285 1628 475 1706 conscribit,
512 1628 687 1693 exercitum
715 1638 820 1708 purat,
859 1627 975 1692 auxilia
997 1627 1159 1713 prospicit.

149 1729 314 1806 Meretur,
344 1729 490 1813 inquam,
518 1730 578 1793 iste
597 1728 750 1794 veniam?
786 1730 853 1793 Aut
878 1728 1021 1813 quisquis
1047 1728 1090 1791 its
1109 1740 1158 1790 est

148 1830 255 1894 hebeti
276 1850 390 1906 sensu,
433 1830 580 1915 quinon
604 1829 769 1912 intelligat,
801 1830 891 1914 qnod
915 1828 962 1891 sic
985 1825 1157 1891 moliatur?

149 1930 205 2014 qui
221 1927 284 2009 jam
303 1950 403 1994 unum
426 1931 488 1993 boc
504 1940 624 2013 spent,
648 1931 735 1993 -bsnc
749 1950 869 1993 morem
889 1928 998 1993 odium
1017 1948 1157 1993 commo·

149 2040 256 2093 torum
282 2014 432 2094 adversus
462 2050 497 2092 se
530 2030 693 2094 hominum
723 2030 905 2106 leniturum,
952 2050 1008 2093 sus
1038 2032 1157 2095 coclers

149 2129 309 2194 oblivione
327 2129 451 2193 interim
466 2129 634 2212 sopienda,
662 2151 696 2193 se
710 2129 840 2194 incuriae
858 2141 970 2195 venno
989 2130 1155 2193 occasione

146 2232 364 2312 impunitatem
380 2241 635 2294 consecuturum.
683 2232 849 2295 occurrite
861 2229 1061 2296 fraudulento
1077 2248 1156 2292 oon-

147 2333 217 2397 silio
232 2333 401 2397 Germanii
420 2330 571 2395 obsistite
586 2328 747 2394 malitiosis
760 2331 964 2414 cogitatibus!
983 2330 1157 2395 Previsurn

147 2444 195 2496 est
210 2433 401 2513 periculum,
420 2453 462 2496 ne
475 2432 567 2497 sinite
584 2433 678 2495 adiri!
698 2433 825 2516 Fingite
837 2444 943 2496 nutem
953 2433 1072 2495 nullum
1087 2452 1156 2494 esse

146 2534 186 2596 ab
203 2533 264 2597 isto
280 2535 472 2617 perieulum,
501 2555 571 2617 qnae
587 2533 628 2595 de
645 2531 737 2594 vobis
753 2531 914 2595 hominum
931 2531 1156 2615 cogitationes,

147 2633 175 2697 si
186 2635 366 2711 emerserit,
387 2656 457 2719 quse
470 2632 625 2716 suspicio,
646 2632 702 2718 qui
715 2653 819 2696 sermo
834 2632 920 2693 erit?
939 2632 1015 2712 Quae
1028 2629 1157 2692 inlunis

104 2766 107 2770 ·
145 2747 298 2818 sequetur
330 2737 410 2798 hanc
444 2733 625 2797 nationem?
671 2734 811 2797 Primum
842 2732 932 2815 qnod
968 2730 1155 2813 potueritis,

145 2835 298 2921 qnodque
315 2855 381 2895 non
406 2833 541 2909 obscure
560 2834 780 2910 decreveritis,
806 2854 873 2896 non
889 2832 1029 2895 affecisse
1050 2840 1155 2895 tamen

145 2934 299 3014 supplicio
320 2933 423 2996 istum.
459 2932 583 2998 Deinde.
603 2934 653 3013 **)
670 2934 716 2998 sic
735 2934 891 3015 putabunt
907 2931 1025 3008 exteri,
1051 2932 1156 2993 omnia

144 3051 204 3094 vos
222 3031 353 3111 flagitia,
377 3035 481 3097 omnia
501 3034 646 3097 omnibus
663 3035 781 3097 scelera
796 3034 988 3096 condonare.
1027 3033 1155 3095 Nullum

145 3152 214 3196 esse
230 3131 263 3195 in
278 3133 444 3196 Germania
458 3133 582 3216 justitie
601 3146 809 3209 momentum,
836 3135 936 3198 nullas
954 3136 1061 3216 legum
1083 3133 1156 3197 reli·

143 3233 245 3317 quies.
281 3234 344 3298 Sed
354 3254 416 3316 ego
431 3235 539 3297 uthoc
555 3254 678 3313 perse,
700 3233 792 3296 etiem
803 3235 829 3297 si
836 3237 938 3298 solum
945 3234 1155 3317 contingeret,

144 3334 315 3398 maximum
338 3354 407 3397 esse
428 3333 616 3407 arbitrarer,
650 3333 692 3396 its
709 3336 793 3400 aliud
811 3336 879 3412 sss)
903 3348 997 3418 puto,
1027 3337 1155 3399 minime

144 3434 408 3497 contemnendum
426 3434 530 3496 istum.
575 3435 705 3497 Paratos
728 3435 821 3498 habet
837 3435 963 3511 Gallos,
993 3435 1157 3500 insensum

143 3533 216 3596 huic
232 3531 353 3596 nationi
373 3534 511 3608 hostem,
531 3534 690 3597 Swieeros
708 3534 797 3610 sess)
816 3545 978 3611 nutantes,
998 3534 1155 3597 rebellare

143 3630 264 3695 Frisios
295 3632 392 3695 videt.
448 3635 538 3697 Bello
567 3634 696 3698 Veneto
730 3647 918 3717 occupatum
943 3647 992 3710 te,
1026 3633 1153 3711 Caesar,

143 3731 243 3795 novit.
282 3734 359 3814 (lue
370 3753 443 3795 cum
453 3754 511 3796 nos
523 3734 738 3811 circumstent,
754 3748 895 3816 optatum
909 3736 1004 3802 Gallis
1015 3737 1152 3813 eveniet,

141 3841 284 3894 nostrum
312 3852 431 3897 armare
466 3835 632 3899 adversum
662 3858 721 3899 uos
755 3838 974 3917 opprobrium.
1023 3840 1153 3917 Augeut

140 3930 281 4012 pericula
314 3933 450 4009 animos,
495 3945 528 3996 et
559 3956 639 4017 supe
669 3936 793 4000 initium
831 3936 939 4001 virtuti
974 3936 1151 4020 desperatio

141 4031 286 4114 prebuit.
323 4033 411 4096 Fieri
429 4034 534 4118 itaque
552 4047 671 4115 potest,
691 4049 727 4101 ut
744 4037 795 4100 hic
815 4059 856 4100 ex
873 4038 1019 4101 imbecilli
1040 4038 1151 4114 fortis,

141 4152 183 4192 ex
206 4132 307 4196 fracto
338 4133 450 4209 ferox,
496 4149 537 4194 ex
573 4133 696 4217 abjecto
730 4138 901 4218 superbus,
942 4160 978 4202 ne
1011 4138 1151 4203 insoleus

176 4372 203 4422 ⁶)
221 4374 347 4431 unone,
374 4372 450 4420 sumn.
519 4363 564 4427 ⁸⁸)
583 4377 690 4437 oeno,
712 4363 821 4427 'sunto
881 4368 943 4432 “U
968 4381 1057 4444 attus,
1091 4378 1147 4428 too.

176 4443 256 4514 im)
272 4457 393 4503 dwtceros
401 4488 411 4517 ,
429 4456 562 4511 ltetrettss.
