2624 5108
140 889 187 956 22
322 877 365 952 In
389 875 577 950 interitum
600 877 732 952 Joann.
759 875 806 950 dc
830 876 971 959 Hutten

141 1075 304 1133 Pulchrius
320 1091 453 1146 unquam
474 1073 620 1146 aliquod?
647 1082 697 1129 aut
713 1089 771 1144 qua
792 1075 968 1146 compagine
986 1076 1089 1133 vinces

142 1170 360 1224 Membrorum
378 1170 436 1224 hos
454 1168 593 1235 habitus,
617 1176 666 1221 aut
683 1183 715 1221 se
733 1168 900 1240 speciosior
918 1170 974 1227 istu

145 1264 293 1319 Ostendet
310 1263 399 1317 terris
416 1262 530 1317 facies?
552 1260 636 1317 debis
656 1261 685 1314 in
704 1261 824 1316 meliori

146 1355 285 1427 Corpore
304 1356 436 1424 majores
454 1354 586 1421 animos,
605 1354 770 1424 factisque,
788 1354 931 1426 fideque?

145 1448 229 1523 Quas
249 1464 361 1520 pugnas
382 1455 521 1514 gesturus
539 1451 617 1503 erat!
636 1464 702 1519 que
720 1448 799 1503 bellu
815 1451 956 1520 parebat,

146 1542 245 1616 Quam
266 1542 374 1612 patriae
394 1539 525 1595 auxisset
546 1543 637 1612 opes!
657 1542 712 1595 suit
731 1541 831 1597 indole
854 1544 892 1600 ab
910 1544 959 1600 ille

145 1634 219 1704 Spes
238 1634 359 1703 patriae,
377 1633 516 1704 livorque
533 1633 625 1688 hosti.
662 1634 754 1710 Quod
774 1653 843 1692 curn
862 1637 911 1692 ille
928 1638 1063 1707 videret,

143 1727 233 1781 Flore
252 1728 355 1795 vigens
375 1726 493 1799 primo,
513 1741 678 1801 secumque
700 1729 844 1787 immensa
861 1739 998 1802 pararet,

145 1820 209 1874 Abs
227 1829 256 1873 te
277 1821 391 1874 orditus
410 1837 507 1891 opus,
526 1829 615 1892 teque
635 1830 681 1876 est
699 1838 866 1878 conversus
885 1823 913 1877 in
931 1841 1043 1892 unum,

146 1915 246 1987 Quem
266 1915 323 1968 sibi
344 1915 515 1983 demerent,
534 1914 591 1968 sub
611 1932 672 1986 quo
691 1916 832 1986 primevo
853 1916 998 1987 relinquet

145 2008 270 2063 Virtutis
289 2016 484 2063 monumenta
502 2024 563 2062 sue
572 2028 583 2077 3
603 2024 708 2065 comes
725 2009 774 2063 ille
792 2018 933 2077 tuorum,

145 2102 199 2156 Ille
222 2120 350 2172 operum
368 2101 492 2169 socius,
511 2117 609 2172 neque
627 2109 660 2155 tu
677 2082 859 2173 quemquem
877 2112 943 2156 ente
961 2102 1104 2171 locabis,

146 2194 375 2265 spectantemque
396 2194 505 2263 fidem,
530 2205 561 2249 et
578 2193 726 2263 studium,
745 2194 908 2250 scelerate!
926 2195 1073 2266 probasti.

145 2286 184 2342 Et
199 2288 262 2357 jam
280 2305 312 2341 se
333 2289 380 2342 his
399 2288 540 2357 gradibus
561 2277 669 2342 cuncte
690 2288 724 2341 sd
742 2288 857 2358 majora
876 2288 991 2342 ferebat
1002 2329 1012 2357 ,

84 2386 89 2396 '
147 2381 224 2434 Cum
242 2394 273 2434 tu
291 2383 345 2436 has
366 2381 518 2450 objiceres
538 2381 647 2448 furies,
668 2396 818 2453 cursuque
836 2381 991 2437 bonorum

147 2472 181 2528 ln
200 2476 300 2528 medio
322 2492 460 2544 raperes,
482 2484 511 2529 at
528 2491 589 2528 non
607 2484 706 2528 tamen
725 2473 774 2528 ille
794 2474 937 2545 timebat3

147 2563 227 2623 Nem
247 2578 274 2622 te
295 2569 364 2639 quid
383 2569 505 2636 timeat,
530 2569 580 2639 qui
599 2568 643 2622 sic
661 2571 761 2623 amet?
784 2585 879 2638 usque
898 2585 1070 2638 supremam

150 2660 282 2714 Credidit
301 2662 406 2715 infelix
424 2662 496 2730 tibi,
515 2678 573 2715 nec
591 2661 712 2727 diffidit,
731 2660 764 2714 ud
783 2660 902 2713 horem.

148 2754 217 2807 Hoc
236 2766 356 2827 poteras
377 2756 482 2806 caelare
501 2754 607 2806 nefas?
625 2753 670 2804 sic
688 2750 792 2804 fellere
812 2757 980 2818 amantem,

148 2851 239 2905 Tunc
259 2861 402 2917 quoque,
423 2845 646 2897 cum'ceesurus
665 2858 731 2896 eras
742 2882 751 2909 ,
770 2844 909 2912 praefatus
929 2843 1075 2912 amicum,

148 2939 307 2995 Abduxisti
328 2939 453 3008 inopem
472 2935 584 2989 fraudis
595 2975 604 3002 ‚
624 2945 733 3005 tuaque
752 2936 801 2988 ille
820 2947 942 2991 secutus

149 3033 240 3086 Jusse
260 3032 361 3097 celer,
381 3030 459 3084 cadit
478 3038 543 3083 ante
563 3028 659 3097 diem,
678 3029 901 3101 interruptaque
919 3029 1025 3102 linquit

149 3125 212 3180 Per
230 3125 329 3179 scelus
348 3124 443 3193 ampla
463 3134 557 3176 tuum.
593 3122 661 3189 Da,
686 3123 767 3192 quod
784 3132 813 3177 tc
832 3125 952 3178 auferre
971 3123 1128 3189 dolemus,

150 3219 191 3274 Et
209 3219 308 3290 patrie
329 3232 415 3288 spem
434 3216 525 3269 redde
544 3231 627 3269 suam
638 3255 648 3282 ,
670 3215 830 3286 positoque
851 3215 958 3270 dolore

150 3312 220 3368 Nos
241 3322 354 3366 temere
374 3310 491 3364 flevisse
509 3309 608 3363 refer!
632 3319 764 3364 mentem
785 3308 925 3364 omnibus
944 3313 1037 3377 ulier,

151 3406 191 3460 Ut
210 3416 259 3459 tua
278 3405 357 3457 secta
374 3403 486 3456 infecta
504 3409 630 3474 putent,
649 3402 801 3470 contingat
820 3411 849 3455 ut
867 3402 956 3455 istum

153 3499 275 3553 Frustra
295 3497 368 3550 adeo
388 3496 504 3550 luxisse
523 3504 658 3566 patrem,
678 3495 812 3566 falsoque
831 3504 1021 3566 peremptum

155 3589 323 3644 Crediderit
343 3592 464 3642 nutum!
487 3589 539 3642 sed
556 3605 615 3641 nec
632 3597 661 3641 te
680 3588 806 3642 reddere
824 3590 902 3642 velle

155 3681 329 3748 sublatum,
350 3698 407 3734 nec
425 3696 515 3752 posse
534 3679 629 3749 lides;
651 3679 705 3734 ah!
724 3697 789 3752 quae
808 3680 860 3736 tibi
879 3681 970 3736 tristis

155 3773 256 3828 innata
275 3784 320 3828 est
339 3772 466 3828 rabies?
485 3792 551 3845 quae
569 3785 629 3829 mm
648 3771 804 3841 exagitavit
823 3773 953 3827 acerbos

155 3863 230 3918 Dira
251 3867 341 3920 ferox
360 3867 502 3923 animos?
520 3867 588 3934 Sol,
607 3865 657 3938 qui
669 3865 852 3935 justissimus
873 3877 980 3919 omnes

155 3958 273 4026 Aspicit
292 3970 437 4028 eventus,
455 3960 552 4015 medin
573 3959 650 4013 inter
668 3958 770 4012 nubila
791 3974 893 4012 coecos

158 4048 300 4106 Occuluit
319 4055 439 4122 vultus,
461 4053 642 4124 pallentique
662 4049 782 4105 abstulit
800 4067 923 4106 omnem

158 4141 221 4196 Ore
240 4143 338 4215 diem,
358 4146 491 4214 fugitque
510 4145 616 4212 nesae,
635 4145 789 4216 voluitque
807 4143 931 4198 reverti.

156 4231 195 4286 Et
215 4245 354 4305 poterae,
374 4239 398 4291 si
416 4254 479 4291 non
497 4252 591 4291 cursu
608 4238 701 4291 semel
722 4246 787 4291 ante
812 4236 937 4290 reducto

138 4323 294 4407 fPhoelic,
314 4330 476 4400 Thyestem
494 4328 671 4399 damnasses¹
684 4330 805 4402 prandia
825 4346 946 4384 mensae.

158 4415 249 4470 Tunc
270 4430 408 4489 poterant
426 4431 536 4478 motula
554 4418 637 4478 tetro
656 4424 766 4496 passim
783 4425 813 4489 ¹)
833 4423 933 4478 omnia
953 4422 1046 4492 ferri,

160 4508 354 4528 Μ

193 4555 222 4592 '¹
237 4564 341 4609 passim.
378 4563 462 4610 subito.
