2624 5108
222 849 293 917 ⁵28
506 841 561 914 Ad
584 840 652 914 Jul.
667 841 805 941 2Pflugk
828 842 944 940 Epist.

218 1043 370 1097 versatur.
409 1029 442 1094 si
464 1040 585 1114 tempus
609 1042 672 1108 est,
705 1044 741 1095 ut
759 1053 817 1096 nos
837 1033 891 1096 Dii
909 1031 1089 1113 respiciant,
1122 1051 1234 1119 neque

217 1134 333 1196 ducum
352 1143 416 1207 est,
432 1132 512 1207 Juli,
531 1152 636 1215 neque
652 1131 781 1194 militum
795 1133 910 1214 inopia.
945 1135 1017 1214 lpse
1029 1133 1102 1194 milri
1115 1134 1234 1214 optima

216 1253 381 1315 propono,
418 1243 451 1291 et
477 1252 564 1311 spem
589 1232 734 1314 concipio
760 1255 826 1294 uon
851 1232 1007 1315 exiguam.
1048 1232 1234 1322 'Foecarndue

217 1345 265 1397 est
282 1333 333 1394 hic
351 1342 544 1405 conventus,
573 1342 694 1391 namet
713 1333 834 1415 Regem
854 1328 1068 1397 Romanorum
1087 1324 1232 1413 putitiu,

216 1442 248 1496 et
262 1432 339 1494 meis
352 1427 467 1504 literis,
489 1450 523 1496 ac
538 1451 593 1493 sua
610 1430 725 1492 virtute
741 1431 942 1497 clarissimum
955 1454 1012 1512 per
1032 1431 1232 1495 Germaniam

214 1529 396 1611 Principem
415 1538 579 1594 Albertum
602 1530 897 1612 Archiepiseopum,
928 1533 1004 1595 fecit
1025 1530 1232 1594 Cardinalem.

107 1644 130 1661 ‘²
215 1631 264 1694 Ac
300 1639 559 1710 Christoplaorum
594 1638 821 1715 Brunsuiqium
855 1635 887 1696 iu
919 1630 1231 1712 Archiepiscopatum

214 1731 419 1793 Bremensem
445 1729 572 1805 extulit,
611 1739 642 1790 et
672 1733 828 1788 Casimiro
853 1735 1045 1790 Murelzioni
1071 1751 1112 1791 ex
1139 1733 1232 1794 nobi-

213 1828 329 1892 lissima
354 1830 547 1911 Bavarorum
580 1828 677 1890 domo
704 1837 829 1906 nuptam
854 1825 1039 1889 conciliavit.
1086 1831 1175 1894 Idem
1202 1833 1230 1896 si

216 1928 331 2016 bellum
352 1927 465 1991 Turcis
485 1927 627 2001 invehet,
656 1930 724 1989 tum
748 1924 854 1989 felices
877 1945 963 2003 uos,
986 1928 1103 2010 quibus
1122 1952 1231 2015 neque

214 2029 301 2115 prius
321 2047 427 2109 neque
447 2026 604 2106 posterius
625 2026 710 2089 nasci
728 2023 869 2107 contigit.
913 2025 988 2089 Mea
1007 2030 1045 2091 ad
1064 2031 1230 2111 Principes

214 2119 389 2189 exhortatio
412 2146 481 2188 non
508 2125 612 2187 etlltur
638 2126 670 2187 iu
694 2127 814 2200 lucem,
842 2115 930 2208 quod
955 2127 1063 2192 insunt
1088 2131 1230 2212 quaedam

213 2227 382 2301 liberiora,
410 2247 504 2308 quam
521 2225 600 2288 ferat
618 2228 682 2288 haee
700 2237 779 2287 aetas.
816 2225 907 2305 Nosti
933 2249 1025 2309 quam
1048 2227 1081 2290 iu
1109 2242 1230 2312 partem

213 2330 329 2392 soleam
348 2329 551 2412 παρρησιάξιιν.
586 2325 652 2404 Sed
671 2347 736 2387 nou
753 2336 801 2388 est
815 2325 998 2409 ingenuitati
1014 2330 1113 2390 locus.
1145 2331 1231 2395 Petit

213 2439 245 2491 et
270 2439 379 2492 contra
409 2426 601 2507 irruptiones
630 2427 832 2488 Tartaronun
862 2427 973 2488 aaaxilia
1001 2427 1143 2492 Polouus
1170 2453 1229 2511 per

214 2529 344 2609 legatos.
391 2529 439 2591 Ac
459 2528 605 2610 quiddam
624 2538 670 2586 est
688 2527 737 2587 hic
756 2524 848 2587 etiam
869 2525 963 2588 Gallis
989 2529 1132 2608 negotii,
1163 2543 1230 2595 tum

215 2628 254 2689 ab
274 2628 433 2705 Huugaris
454 2638 562 2690 orator
581 2638 629 2690 est
647 2637 860 2705 Hieronymus
876 2633 1003 2690 Balbus.
1041 2631 1137 2706 Quod
1154 2631 1230 2693 mini

196 2738 333 2792 'summe
353 2732 472 2808 placet,
497 2727 612 2788 minori
631 2737 777 2807 apparatu
796 2725 914 2800 nostri,
942 2748 1035 2808 quam
1054 2727 1136 2789 soliti
1157 2742 1230 2791 sunt

212 2830 277 2893 aliis
305 2826 513 2890 conventibus
538 2837 650 2908 agunt,
688 2825 755 2897 sive
781 2825 822 2885 ob
849 2845 981 2887 annonae
1007 2825 1229 2903 difficultatem,

213 2931 281 2994 sive
307 2930 395 3012 quod
421 2927 454 2988 in
478 2927 582 2988 multis
607 2924 681 2987 mihi
702 2925 886 3005 resipiscere
907 2925 1073 2986 Germania
1092 2926 1229 2991 videtur.

213 3024 401 3110 Quanquam
431 3036 479 3089 est
508 3027 608 3089 adhuc
637 3025 715 3087 mua
742 3025 877 3087 vestium
907 3016 1048 3100 luxuria,
1087 3046 1104 3086 a
1132 3027 1229 3094 Gallis

211 3140 336 3209 sumpto
356 3128 522 3206 exemplo,
553 3146 635 3208 quos
660 3135 771 3203 praeter
797 3125 930 3204 patrituu
954 3146 1074 3187 morem
1093 3128 1230 3190 aemulari

211 3231 244 3292 in
263 3231 324 3292 hoc
345 3239 507 3289 cenamus.
545 3229 587 3288 Et
606 3235 733 3286 strenue
753 3224 888 3300 bibitur,
907 3227 1049 3286 nondum
1067 3227 1229 3291 sanitatem

211 3329 452 3409 accipientibus,
487 3325 542 3407 qui
562 3326 654 3388 rectis
676 3346 798 3404 semper
817 3325 1042 3389 monitionibus
1061 3328 1229 3390 reclamare

210 3432 321 3491 solent.
368 3427 410 3487 Ut
437 3425 518 3486 bene
545 3435 677 3503 agantur
702 3425 822 3497 omnia,
860 3424 1098 3488 obstinatissime
1123 3429 1230 3489 studet

211 3525 325 3588 Caesar.
363 3526 435 3601 lpse
451 3522 526 3585 mihi
542 3523 704 3602 negotium
719 3523 766 3586 his
784 3523 894 3586 diebus
908 3523 987 3600 feci,
1007 3526 1227 3602 discurrendo,

210 3624 393 3698 ambiendo,
420 3623 700 3703 apprehendendo,
734 3624 809 3685 (liam
837 3624 988 3704 optimum
1007 3645 1166 3707 quemque
1186 3647 1230 3689 ex

210 3726 287 3790 aulis
303 3722 486 3802 Principum
506 3723 539 3784 iu
558 3732 662 3801 parles
684 3733 855 3802 Caunionis
880 3726 1002 3786 traham.
1041 3725 1229 3806 Quanquam

209 3830 270 3892 huc
290 3827 372 3887 ultro
392 3823 435 3884 illi
455 3823 649 3897 concedant,
677 3844 736 3894 nec
762 3822 826 3902 jam
851 3845 930 3904 opus
951 3825 990 3887 sit
1009 3844 1115 3903 parare
1133 3823 1229 3885 nobis

210 3927 335 3990 amicos.
386 3922 456 4000 lpsn
493 3942 583 3984 causa
613 3934 762 3984 emortuae
794 3926 893 3986 similis
922 3935 981 3985 est.
1041 3924 1118 3985 Nihil
1144 3925 1230 3987 euim

210 4030 349 4100 auditur,
381 4024 436 4084 nisi
457 4024 545 4105 quod
564 4040 670 4082 comes
694 4032 875 4084 Hermauus
893 4025 930 4077 de
947 4026 1101 4091 Neroenar
1118 4025 1229 4099 Hoqo.

210 4138 347 4187 stratum
361 4124 462 4186 lertau
474 4122 607 4184 Colonia
621 4120 797 4200 expulisse,
812 4125 942 4196 propter
957 4117 1113 4195 impurum
1127 4114 1229 4177 nebu·

210 4224 289 4283 lorus
306 4225 504 4303 figmentum,
523 4225 555 4283 in
572 4241 636 4303 quo
656 4221 813 4281 homiuem
832 4215 1032 4301 prosciderat.
1069 4217 1119 4276 Ex
1135 4216 1232 4280 Gallia

210 4322 348 4384 scribunt
371 4329 489 4395 Faber,
521 4329 672 4396 Budaeus,
707 4326 850 4385 Ruellius
868 4324 900 4376 et
919 4323 1036 4402 Copus,
1071 4316 1142 4376 nihil
1162 4315 1232 4377 istic

211 4442 279 4484 esse
298 4434 470 4502 cassionis
486 4421 611 4484 uomiue
631 4417 805 4491 celebrius,
825 4425 858 4478 et
875 4414 1085 4495 Theologistis
1105 4434 1234 4478 omnem
