2624 5108
548 816 587 890 in
612 817 762 892 Turcas.
1091 818 1161 893 607

145 1004 263 1077 erunt?
299 1010 393 1075 Adeo
409 1007 503 1074 nobis
520 1009 653 1073 consilio
677 1031 758 1093 opus
785 1026 855 1075 esse
874 1014 965 1092 puto.
1002 994 1168 1092 Quicum

143 1113 287 1175 videmus
303 1130 360 1174 eos
380 1111 436 1194 qui
456 1111 489 1173 in
506 1111 662 1186 tenebris,
682 1122 737 1173 aut
753 1110 808 1194 qui
831 1111 929 1174 oculis
951 1111 1033 1190 capti
1046 1114 1165 1186 erinon,¹

145 1212 317 1295 siquando
338 1212 450 1293 pulsati
466 1210 511 1274 'ab
536 1211 642 1294 aliquo
661 1196 796 1286 suerint,
823 1210 858 1273 in
881 1211 1035 1273 incertum
1052 1225 1164 1274 mnus

144 1312 326 1396 porrigere,
347 1333 383 1372 nc
401 1312 520 1394 impetu
533 1311 629 1386 ferri,
649 1311 705 1372 sed
718 1309 793 1372 nihil
805 1329 918 1394 agere,
937 1308 1030 1371 nobis
1045 1308 1164 1393 aliquid

144 1411 345 1495 pollicemur,
367 1412 455 1495 quod
470 1412 554 1474 nullo
572 1430 659 1492 pctus
682 1410 805 1474 ratione
831 1408 1058 1492 concepimus?
1076 1410 1170 1473 nullo·

143 1512 367 1595 prospeximus
403 1511 567 1576 consilio?
609 1512 692 1574 nulla
725 1509 919 1594 agitavimus
940 1506 1167 1593 providentie?

144 1611 248 1694 Quid,
269 1615 357 1697 quod
380 1613 484 1675 omnis
501 1631 590 1693 paeue
606 1632 625 1673 e
643 1612 736 1675 nobis
752 1632 902 1694 perverse
919 1612 971 1696 ogi
993 1609 1113 1673 video?
1130 1609 1167 1676 in

143 1712 298 1776 conviviis
315 1711 755 1795 bellicetrectnmusnegotio.
771 1711 834 1776 Ubi
847 1716 897 1791 (ut
913 1714 1013 1789 nunc)
1026 1713 1067 1775 de
1079 1711 1168 1774 bello

143 1813 341 1877 consultnmli
369 1826 516 1896 tempus,
550 1814 670 1876 ludicra
701 1813 806 1875 omnia
837 1832 1032 1878 exercemus.
1085 1812 1166 1894 Quis
1194 1858 1198 1867 ,

144 1923 287 1976 nostrum
310 1913 410 1988 enirn,
434 1934 505 1975 curn
531 1912 636 1976 vocati
660 1913 772 1989 simus,
797 1924 834 1975 ut
858 1915 898 1986 (lc
929 1915 1012 1977 bello
1040 1912 1167 1978 consul·⁸

146 2021 351 2088 temus,.non
376 2013 523 2075 convivis
547 2013 706 2098 hicngit?
730 2015 826 2078 oleam
841 2014 943 2078 ludit?
966 2025 1020 2078 out
1038 2016 1167 2078 strenue

143 2133 371 2195 nonnunquam
388 2111 494 2174 bibit?
531 2113 639 2198 Atque
656 2117 737 2192 hnc,
758 2132 830 2179 cum
843 2114 878 2176 in
897 2113 990 2176 nobis
1010 2125 1165 2197 spectem,

143 2212 261 2294 aliquid
272 2212 347 2276 mihi
368 2213 511 2296 polliceri
535 2214 791 2278 debeoleliciter
811 2217 872 2277 hoc
887 2213 970 2275 bello
990 2220 1170 2288 cessurum}

143 2310 278 2373 maximo
301 2313 332 2387 ⁹)
366 2313 492 2375 abistis
514 2315 655 2379 moribus
684 2317 845 2378 uelatum
875 2312 1005 2397 quidem
1032 2314 1167 2397 digitulo

142 2408 403 2488 discesserimus?
431 2414 564 2493 Sperere
580 2414 670 2489 licet,
690 2416 761 2477 lore
777 2425 813 2476 ut
825 2416 885 2476 nos
898 2415 990 2477 Deus
1008 2409 1169 2496 respiciet.

144 2511 182 2573 ln
196 2510 262 2574 istis
279 2523 364 2575 certe
378 2514 532 2592 consiliis,
552 2528 588 2580 ut
603 2537 688 2580 mmo
702 2525 793 2591 sunt,
810 2512 836 2578 si
848 2514 994 2578 fiduciam
1006 2512 1166 2597 ponimus,

143 2611 288 2676 funditus
299 2613 458 2694 periimus.
488 2616 644 2680 Periimus
659 2615 799 2699 inquam.
828 2616 915 2696 Quid
929 2614 1166 2694 rotionisenir‘n

144 2712 223 2796 quid
242 2713 378 2776 sanitatis
403 2715 511 2779 inest?
547 2717 596 2778 Ac
619 2732 731 2779 eorum
752 2715 853 2781 omnis
875 2715 920 2780 ibi
943 2719 1035 2798 culpa
1055 2727 1120 2792 est,
1146 2736 1168 2781 a

144 2813 260 2896 quibus
294 2815 507 2896 perniciosum
545 2818 607 2879 hoc
640 2815 747 2899 prodit
783 2820 972 2898 exemplum.
1019 2814 1167 2899 Quidni?

144 2914 291 2992 Quorum
309 2916 443 2980 maxima
469 2918 509 2980 de
534 2917 582 2980 his
604 2936 680 2980 eura
705 2937 776 2981 esse
790 2915 933 2994 ·debuit‚
964 2916 998 2981 hi
1022 2937 1059 2979 re
1077 2934 1168 2999 pene

144 3013 282 3092 perdita,
307 3018 411 3079 securi
429 3027 537 3100 agunt.
574 3015 776 3081 lli·moxime
793 3018 889 3094 seria,
916 3017 950 3080 in
975 3016 1166 3083 levissimum

144 3122 333 3174 convertunt
349 3117 462 3178 lusum.
500 3119 550 3180 Ac
567 3118 622 3180 ubi
639 3138 723 3181 anna
736 3119 896 3181 tractanda
909 3127 1002 3193 sunt,
1023 3117 1066 3181 ibi
1081 3108 1166 3182 inter

144 3211 257 3291 pocula
285 3212 432 3276 nocturni
460 3211 629 3300 diurnique
654 3219 787 3294 solent,
812 3228 844 3282 et
861 3216 995 3281 interim·
1008 3217 1165 3286 Asiaticos

147 3312 306 3376 exereitus
327 3324 529 3379 contemnere
552 3317 685 3395 audent,
713 3339 749 3383 ae
773 3320 867 3382 ¹nobis
896 3318 970 3383 istos
994 3317 1169 3381 ostendunt

145 3410 312 3497 imagines,
324 3434 435 3497 magno
444 3415 574 3499 quidem
583 3430 782 3497 ornamenta,
797 3421 854 3484 sed
862 3417 1018 3502 majorum
1026 3465 1035 3495 ,
1043 3440 1064 3481 o
1072 3417 1166 3482 Prin·

144 3512 249 3594 cipes!
272 3534 412 3577 suorum.
429 3516 478 3592 ss)
517 3518 643 3600 Quippe
659 3522 746 3583 nullo
768 3520 838 3585 iure
858 3521 960 3586 virtus
978 3518 1166 3585 hereditarie

145 3612 192 3675 fit.
228 3613 272 3676 At
290 3613 317 3677 si
340 3614 412 3698 quis
433 3615 549 3694 ruerit,
571 3619 627 3702 qui
652 3630 780 3682 strenue
803 3620 922 3703 aliquid
947 3620 1015 3701 ipse
1036 3619 1165 3695 'lecen‘tg

145 3712 251 3776 omnio
263 3713 382 3778 favoris
399 3717 490 3798 pleno
509 3717 663 3793 inveniet,
683 3717 787 3780 omnin
799 3718 911 3781 laudis.
949 3717 1029 3783 Nam
1048 3719 1166 3782 frustra

144 3815 232 3879 dorni
249 3828 409 3880 stemmata
424 3827 567 3893 servant,
591 3816 647 3901 qui
662 3818 749 3879 nullo
767 3815 847 3879 loris
863 3818 1006 3900 plss'claro
1021 3817 1164 3891 foemore

145 3917 339 3982 nobilitatem
370 3929 544 3986 asserunt.'
582 3920 769 4001 Quanquam
799 3926 848 3980 est
879 3918 985 3981 honor
1018 3913 1165 3978 vetustati

144 4017 288 4098 generis,
316 4019 373 4083 sed
395 4040 453 4101 spe
481 4019 616 4103 quodem
642 4018 676 4081 in
699 4014 822 4094 nobiles
848 4013 1007 4097 conjecta,
1034 4026 1070 4079 ut
1087 4018 1165 4100 prod

145 4116 342 4202 genitoribus
360 4120 424 4182 suis
437 4120 513 4182 liant
527 4118 653 4182 similes.
691 4115 866 4200 Quodnisi
881 4114 1075 4180 contendunt
1087 4114 1164 4180 nihil

146 4237 339 4301 magnopere
357 4218 453 4282 titulis
465 4218 572 4295 ‚·nihi1
602 4216 783 4282 nominibus?
797 4211 925 4280 'diutius
948 4216 1171 4281 movebuntur.

150 4338 342 4357 m

179 4421 209 4490 ⁴)
227 4432 352 4487 mutue,
377 4428 477 4485 etrusc
512 4422 559 4494 ⁸⁸>
574 4431 635 4481 nn
650 4429 788 4491 nosses:
806 4442 906 4480 mnu·
921 4429 1053 4492 nume
