2624 5108
394 826 616 925 Triumphus
643 826 851 927 Capnionis.
1064 829 1135 903 3⁶³

112 1020 151 1075 Et
166 1019 276 1092 quibus
296 1021 325 1074 in
344 1029 416 1075 voto
439 1030 501 1088 est,
521 1021 631 1077 famam
649 1023 785 1077 allatrare
802 1022 976 1091 bonorum,

113 1113 219 1188 Qualis
239 1124 321 1180 erut,
340 1123 399 1168 stat
418 1113 535 1183 adhuc,
552 1115 700 1186 stabitque
719 1115 894 1170 cadentibus
913 1117 977 1170 istis

113 1208 330 1278 Contemptum
350 1207 379 1260 in
398 1208 543 1263 cinerem.
579 1207 720 1279 Namque
736 1208 796 1265 hec
814 1225 961 1282 compago
980 1210 1086 1266 solutu

115 1298 283 1370 Corporis,
302 1300 350 1354 ilie
370 1310 469 1355 tamen
486 1301 575 1359 vivet.
613 1303 705 1358 Mors
719 1303 797 1373 juris
814 1303 941 1359 babebit

113 1392 148 1447 Iu
168 1394 322 1464 capniona
342 1394 427 1450 nihil.
462 1394 534 1449 Jam
552 1396 665 1449 vertice
683 1395 781 1451 sidera
799 1395 911 1465 tangit,

115 1485 186 1539 dam
205 1484 324 1539 divinus
341 1488 437 1543 homo
455 1489 555 1556 volat,
575 1496 604 1544 et
621 1488 758 1544 mortalia
776 1489 883 1545 temnit

115 1580 289 1652 invidiaque
310 1599 362 1636 sua
382 1583 499 1652 major,
518 1598 576 1637 nec
594 1582 722 1651 tangitur
737 1582 809 1651 ulli,

116 1673 186 1730 Nec
206 1686 290 1729 curat
308 1692 478 1746 quenquam
486 1668 497 1744 ',
517 1676 626 1731 merito
644 1687 677 1730 tu
695 1676 788 1746 patrie
807 1674 901 1743 gaude

115 1766 198 1821 Laeta
218 1776 288 1834 tuo,
307 1771 388 1840 quod
408 1771 486 1825 enim
504 1771 631 1839 genuisti
651 1771 718 1825 haec
736 1769 784 1824 iile
804 1768 942 1839 rependit

115 1861 263 1928 Praemia,
286 1874 318 1915 ut
336 1863 366 1916 in
384 1879 472 1919 seros
492 1873 610 1919 maneat
629 1864 681 1918 tibi
701 1864 779 1919 fame
797 1872 943 1933 nepotes,

116 1956 181 2009 Vos
203 1957 290 2009 etiam
310 1967 377 2011 ante
396 1957 470 2011 elios
489 1968 619 2027 certate,
642 1968 672 2012 et
690 1957 799 2011 vincite
818 1956 912 2011 cives.

117 2048 226 2103 Vester
243 2049 294 2103 hic
314 2061 358 2104 est
368 2091 377 2119 ,
397 2061 426 2105 et
442 2058 475 2105 ut
494 2061 555 2118 est,
573 2051 685 2123 passim
699 2051 814 2121 jactare
831 2048 955 2113 licebit,

119 2142 211 2216 Quod
231 2143 312 2196 foret
330 2142 423 2198 exitio
441 2144 544 2215 populi
555 2185 565 2212 ,
585 2154 748 2216 vestroque
765 2142 932 2217 parandum

118 2236 284 2302 Sanguine,
304 2235 456 2291 desidibus
474 2237 562 2293 vobis
572 2279 582 2306 ,
601 2248 631 2295 et
648 2256 722 2313 pace
741 2236 865 2302 solutis,

118 2328 172 2383 llle
192 2329 273 2383 dedit
290 2331 465 2400 peperitque
482 2347 538 2386 suo
557 2330 727 2387 discrimine
747 2333 857 2385 samem

119 2421 261 2480 Nominis
280 2422 381 2478 aeterni
391 2462 401 2490 ,
420 2439 546 2497 qumque
565 2442 655 2480 omne
673 2423 802 2497 supersit
821 2420 851 2475 iu
871 2432 976 2473 sevum.

188 2612 280 2667 Dicat
296 2610 358 2679 Jo,
377 2611 401 2665 si
420 2627 454 2666 se
472 2609 558 2665 nevit
574 2608 757 2673 Germania,
775 2608 874 2674 dicet,

121 2704 346 2776 ingeminetque
365 2704 492 2772 iterum,
509 2704 556 2760 bie
573 2703 616 2759 Jo
634 2700 761 2757 victorie
782 2700 916 2768 clamat,

121 2797 160 2852 Et
179 2814 283 2851 secum
302 2798 432 2852 clamere
446 2797 534 2868 jubet
554 2797 709 2868 Capniene
729 2803 867 2866 recepte.

121 2891 189 2945 Huc
203 2892 348 2960 juvenes,
365 2892 427 2946 buc
445 2891 485 2947 ite
502 2905 609 2958 senes,
628 2889 781 2944 celebrate
798 2885 1004 2958 triumphum,

123 2983 229 3038 'l'urbu
250 2994 315 3038 ruat
333 2999 522 3057 matrumque
540 2985 715 3055 virumque,
735 2992 764 3037 et
781 2984 847 3037 leta
864 2979 971 3052 puelle

124 3080 249 3145 Agmine
260 3120 268 3148 ,
288 3080 401 3151 compti
424 3096 548 3149 omnen,
568 3089 597 3135 et
614 3080 699 3135 iestis
718 3075 855 3132 cantibus
874 3086 983 3128 ornnes

125 3173 208 3225 Serta
226 3184 348 3241 gerant,
367 3174 519 3244 floresque
537 3172 593 3227 viis
614 3182 644 3228 et
661 3170 770 3228 olentia
788 3175 928 3240 spargant

126 3264 287 3333 Gramina,
305 3269 375 3321 dent
393 3265 536 3332 frondes,
554 3276 583 3319 et
600 3267 717 3337 primos
733 3264 815 3320 veris
831 3262 981 3323 bonores,

122 3359 206 3417 Dent
226 3358 363 3414 manibus
382 3368 504 3414 tencroa
525 3359 676 3416 frondenti
697 3376 737 3415 ex
755 3359 865 3413 nrborc
884 3366 987 3410 remos
998 3388 1008 3418 ,

125 3454 167 3508 Sit
185 3452 312 3506 demissa
331 3451 404 3507 vnn
424 3453 620 3521 regaretus,
638 3454 676 3509 sit
691 3471 765 3523 vaga
783 3449 872 3506 castis

126 3546 227 3598 instita
246 3543 408 3611 metronis,
427 3545 582 3618 iongaeque
601 3547 748 3601 velamina
767 3545 864 3616 palia.

126 3636 276 3692 Praeterea
296 3638 378 3691 lectae
398 3639 557 3707 peregrino
578 3655 617 3694 ex
637 3654 759 3707 equore
778 3637 904 3701 bacca,

126 3729 313 3800 inclusaeque
334 3746 407 3785 auro
425 3746 570 3801 gemmas,
588 3746 658 3785 cum
676 3728 835 3797 torquibus
854 3725 969 3791 eureis,

127 3825 168 3877 Sit
187 3825 277 3891 stola,
306 3823 365 3879 sint
382 3824 666 3901 iimbipvinctoque
684 3820 807 3875 monilia
826 3818 920 3872 coilo,

127 3919 288 3988 Sericnque
308 3928 337 3972 et
357 3935 432 3974 rare
450 3928 571 3984 vestes,
596 3916 755 3988 pretioque
772 3911 961 3980 coloreque,

126 4011 166 4065 Iit
184 4012 376 4082 strophium,
399 4022 427 4066 et
447 4010 551 4083 cepitis
569 4010 689 4076 velum,
708 4006 791 4079 quod
811 4018 881 4059 cum
899 4003 968 4056 nive
987 4005 1104 4067 certet,

129 4105 281 4179 Quicquid
300 4116 329 4159 et
347 4115 490 4173 ornatus,
509 4104 651 4176 quicquid
670 4103 827 4170 cultusque
847 4094 1034 4166 nitorisque,

127 4200 167 4255 Et
185 4199 266 4271 quod
285 4215 410 4269 queque
429 4208 544 4269 potest,
564 4208 593 4253 et
609 4196 691 4267 quod
709 4211 762 4249 sua
780 4206 930 4265 quamque
948 4186 1074 4244 fecultea

129 4292 219 4346 Ferre
238 4291 321 4358 sinit,
340 4307 405 4362 quae
426 4292 534 4362 cuique
553 4289 634 4345 domi
652 4297 709 4343 stat
730 4286 818 4359 eopia
835 4299 948 4339 rerum.

129 4385 258 4437 Candida
277 4384 446 4439 succinctas
463 4382 678 4439 commendent
694 4380 831 4441 Galbam
848 4375 1015 4449 nymphas,

129 4475 278 4545 Etenna,
297 4474 524 4551 virgineumque
542 4476 707 4546 mingens
726 4473 819 4530 tascie
838 4482 944 4545 peetus
954 4510 964 4538 ,
