2624 5108
144 861 191 933 as
574 850 741 950 sputos

139 1049 271 1112 cionem
290 1048 331 1111 de
348 1066 384 1111 se
402 1045 548 1129 fugiebat
569 1043 726 1122 nudiot)
761 1045 869 1128 Atque
885 1046 1017 1130 igtur·
1040 1043 1167 1111 Cessre

144 1160 384 1217 Maoeirntttano
394 1197 405 1226 ,
431 1156 560 1225 aeceou
578 1148 701 1221 lcum,
729 1146 878 1209 salutm
898 1158 1009 1210 orator
1024 1159 1058 1209 et
1079 1144 1167 1228 jure·

146 1254 311 1315 consultus
331 1269 398 1310 non
423 1249 526 1311 solum
543 1266 612 1311 nou
618 1244 789 1327 usurparit
806 1244 877 1326 ipse
893 1248 952 1311 bos
968 1246 1093 1322 titulos,
1110 1248 1169 1311 sed

142 1361 176 1415 et
206 1351 323 1411 lactum
353 1348 392 1409 ab
420 1345 527 1409 amieis
557 1346 620 1409 boc
651 1346 829 1409 accusabat.
885 1348 988 1409 Recte
1015 1347 1164 1427 pietatem

142 1449 286 1524 colebat,
314 1445 573 1526 superstitionem
585 1465 705 1509 exosus
723 1444 943 1509 bilenissime.
982 1447 1082 1510 Forte
1100 1449 1169 1511 lor-

142 1561 219 1612 tuna
246 1546 445 1610 conantibus
468 1544 579 1621 nobis,
621 1546 663 1608 de
691 1553 785 1609 croto
803 1553 972 1623 Ridiano,
1007 1548 1066 1630 qui
1095 1568 1169 1611 curn
1242 1548 1244 1553 ’

145 1648 219 1713 milri
235 1660 271 1709 ut
296 1646 358 1711 scis
377 1646 428 1717 Ἡ)
455 1668 474 1709 e
498 1645 608 1726 prinis
631 1663 735 1728 usquc
760 1645 849 1708 annis
877 1651 1079 1713 consuetudo
1107 1651 1170 1713 luit

142 1747 326 1832 singularis,
357 1746 467 1811 incidit
487 1764 612 1820 sermo,
642 1760 781 1827 mmquc
798 1745 842 1809 illi
857 1746 945 1809 varic
967 1750 1169 1811 commandu-

144 1870 214 1915 rcm
234 1860 375 1911 veterem
400 1847 551 1922 amicum,
590 1855 623 1908 et
644 1842 796 1908 dixissem
821 1845 905 1908 inter
929 1856 1057 1923 cetere,
1088 1847 1169 1910 obli·

144 1970 258 2032 quura,
270 1949 303 2011 in
313 1946 566 2028 superstitiosos,
579 1945 613 2007 in
624 1942 760 2021 boci'ii')
770 1944 1050 2028 prorupitstntim,
1069 1968 1168 2030 quarn

143 2049 258 2115 bellum
286 2049 361 2112 mibi
383 2059 510 2113 cretum
534 2045 695 2128 predicas-
733 2044 862 2111 Fratres
886 2045 1109 2127 predicatores
1136 2057 1170 2108 et

145 2149 366 2230 Theolcgistas
384 2146 597 2212 Colonienses
613 2146 776 2229 pediculos
788 2155 961 2226 canionis
982 2145 1167 2228 appellabar.

145 2250 251 2315 Porro
265 2247 449 2313 facetiarum
465 2260 558 2310 autor
577 2269 643 2310 non
660 2247 785 2331 ineptus
804 2250 856 2311 vel
875 2270 919 2311 ex
935 2259 1079 2327 tempore
1094 2246 1171 2331 lusit.

146 2347 282 2413 Cuidam
303 2349 449 2414 offerenti
466 2348 528 2411 sibi
543 2347 697 2413 trivialem
717 2334 870 2413 adversus
886 2350 1040 2412 calculum
1062 2344 1170 2428 cujus·

146 2448 218 2513 dam
230 2449 393 2515 medicinae
406 2449 592 2530 synthesim,
610 2449 793 2525 subridens,
807 2470 826 2510 a
840 2470 921 2512 coco
936 2449 979 2511 ait
995 2469 1067 2512 meo
1082 2447 1170 2529 prius

144 2548 254 2613 didici.
303 2550 387 2615 Cum
414 2551 574 2613 diceretur
602 2548 730 2633 quidam
755 2551 985 2630 elegantissime
1006 2547 1169 2627 scripsisse

146 2645 263 2714 bellum
272 2650 448 2728 Veretum,
468 2673 563 2736 quam
574 2652 694 2713 mallem
704 2649 823 2730 bisunt,
837 2648 1020 2711 felicissime
1032 2658 1168 2728 gestum.

146 2748 289 2813 laetabar
301 2750 486 2837 aliusquorl
501 2752 535 2811 in
551 2769 608 2811 ore
624 2746 757 2809 babebat
778 2748 909 2823 vtrlnus,
928 2748 989 2809 boc
1007 2747 1170 2810 dictitans:

147 2848 184 2911 ln
202 2848 317 2911 faeiem
332 2847 414 2908 besti
432 2848 560 2910 stabam.
599 2846 777 2927 Respondit
794 2846 880 2926 ipse,
899 2859 932 2909 et
948 2848 1000 2911 ille
1015 2860 1051 2910 ut
1072 2847 1170 2911 video

146 2945 214 3008 tibi.
265 2943 532 3008 concertantibus
558 2947 639 3008 inter
664 2966 698 3006 se
726 2946 851 3010 duobus
882 2948 1167 3025 versificatoribus,

148 3063 221 3106 cum
238 3045 317 3106 alter
339 3044 490 3121 (fixisset,
521 3045 690 3130 aliquando
714 3046 824 3110 melius
850 3068 976 3111 carmen
996 3050 1170 3113 somniasse

149 3164 202 3219 sc,
235 3166 329 3229 quam
353 3130 657 3226 quodadversarius
679 3149 869 3212 ostenderet.
906 3150 1032 3225 lntulit,
1054 3151 1168 3213 crebro

148 3243 256 3328 itaque
274 3244 388 3309 dormi.
435 3247 486 3308 Ex
504 3247 705 3312 electioribus
728 3250 890 3313 sententiis
909 3252 963 3314 bas
982 3250 1170 3333 frequenter

148 3345 280 3411 hibelin
299 3346 332 3408 in
356 3365 431 3407 ore:
462 3348 639 3426 Explorant
655 3349 787 3411 adversa
805 3349 910 3425 viros,
944 3363 992 3411 et:
1019 3351 1172 3412 Pertlucit

150 3444 190 3506 ed
217 3445 314 3506 urina
349 3443 461 3506 virtus.
521 3446 653 3511 Dicebat
683 3448 775 3512 etiarn
804 3448 991 3532 frequenter
1018 3451 1172 3530 temporis

153 3554 266 3607 stctmn
285 3543 476 3623 posteritatis
496 3546 609 3613 tamam
626 3549 761 3628 spectari
780 3549 962 3613 convenire.
1004 3550 1173 3632 Argueba-

151 3653 220 3716 tur,
240 3642 352 3725 utqui
372 3644 575 3724 profecturas
596 3649 742 3730 cupidius
764 3663 888 3732 ageret,
919 3651 988 3731 ipse
1010 3650 1055 3715 sic
1075 3650 1173 3712 inter-

152 3741 350 3823 pretabatur,
387 3745 448 3806 boc
477 3766 512 3808 se
541 3769 701 3831 querere,
738 3753 827 3832 quod
856 3753 889 3812 in
921 3752 1036 3833 (lignos
1059 3763 1173 3830 postea

153 3843 322 3905 conlerret.
363 3844 428 3908 Otii
445 3846 495 3915 sui
511 3848 618 3912 sedern
636 3860 844 3935 Moqrmtium
862 3851 1038 3933 delegerat,
1061 3850 1171 3933 ibique

156 3941 293 4006 studium
305 3942 474 4019 literarum,
484 3950 616 4029 qualein
625 3962 688 4012 tota
696 3953 825 4033 Europa
832 3972 899 4013 non
909 3964 991 4014 esset
1000 3953 1124 4027 ,allecta
1132 3952 1173 4013 ad

155 4044 215 4105 boc
230 4044 440 4109 humanissimi
457 4046 608 4129 principis
627 4049 829 4126 liberalitate,
853 4053 981 4133 parabat
996 4051 1171 4127 buuuere,

155 4143 265 4223 partim
283 4143 376 4210 etiam
400 4167 457 4210 sua
472 4147 623 4227 pecurria,
643 4151 758 4216 debrde
785 4153 870 4229 aree)
890 4150 998 4234 ejectis
1010 4150 1171 4214 inutilibus

158 4265 350 4281 ——ss

189 4322 220 4391 ¹⁵)
240 4334 357 4382 Inimicus
383 4336 448 4381 enlm
467 4345 524 4382 erat
543 4343 719 4400 arroyantloe,
751 4343 851 4400 eiusque
877 4344 1019 4397 cetetonem
1037 4344 1067 4387 dc
1085 4354 1110 4386 se
1123 4340 1172 4392 sue

190 4418 275 4474 ytetar
292 4420 381 4466 stallo.
415 4419 528 4476 fugiebat
553 4424 615 4469 euim
634 4425 774 4483 arrogantie
802 4426 944 4483 opinionem.
992 4415 1041 4485 ¹⁶⁴)
1066 4424 1126 4470 ureb
1147 4427 1171 4470 et

190 4501 245 4546 milrl
266 4509 294 4547 at
310 4505 378 4562 sels,
396 4505 527 4562 beigelltgl.
563 4497 626 4567 Μ)
643 4511 690 4556 loc
699 4540 709 4569 ,
726 4510 784 4558 baec.
822 4501 896 4560 *ml
913 4512 997 4557 delude
1007 4540 1016 4567 ,
1034 4508 1126 4567 partlm.
