2624 5108
208 824 278 893 328
427 823 484 898 Ad
507 822 610 899 Rich.
636 823 798 897 Crocum
823 821 1011 921 Epistolae.

206 1015 268 1080 lroo
299 1015 382 1077 bene
405 1054 444 1069 -
468 1016 499 1091 i)
529 1015 676 1096 probavit
704 1016 853 1077 Erasmus
881 1012 1071 1094 aptissimam
1106 1016 1236 1080 tandem

205 1116 307 1190 viem,
339 1107 402 1203 qus
421 1115 629 1199 exagitentur.
650 1113 787 1194 improbi
807 1113 976 1194 Sophiste,
1002 1113 1164 1180 inventam
1184 1139 1235 1179 er·

200 1216 337 1283 binetus
368 1219 424 1279 sed
454 1216 546 1294 mihi,
581 1215 651 1298 (qui
676 1216 742 1278 hec
769 1214 878 1291 sudio)
912 1213 1024 1283 videre
1051 1235 1120 1277 non
1149 1216 1234 1281 licet.
1275 1287 1279 1293 ,

204 1319 357 1385 Nomium
377 1318 461 1382 enim
480 1318 520 1381 acl
541 1319 652 1381 oculos
674 1332 762 1380 meos
782 1326 999 1396 pervenerunt
1018 1314 1091 1392 isti,
1118 1316 1235 1401 quiqui

203 1433 292 1495 sunt,
326 1418 455 1484 obsmui
481 1416 562 1493 viri,
594 1426 681 1480 recte
708 1414 853 1492 obscuri,
886 1436 954 1478 non
979 1436 998 1478 s
1023 1436 1074 1479 me
1101 1427 1233 1481 uncum.

204 1522 338 1581 Gratum
359 1518 456 1599 igitur
480 1517 614 1592 leceris,
647 1516 737 1599 quod
760 1527 885 1599 gratum
911 1515 997 1592 dixi,
1030 1528 1063 1579 ct
1091 1517 1234 1600 gratissi·

201 1641 288 1686 nrum
307 1620 452 1702 iuquam,
469 1620 496 1680 si
515 1629 546 1680 te
560 1616 702 1683 mittente
716 1620 877 1699 exemplar
895 1638 1061 1700 accepero.
1102 1622 1229 1685 Novem
1303 1629 1305 1634 ’

202 1740 327 1785 menses
356 1718 419 1799 jam
446 1719 480 1780 in
506 1719 594 1782 italis
620 1739 710 1792 sum,
740 1738 800 1785 nec
827 1719 929 1783 adhuc
958 1717 1091 1800 alicujus
1115 1719 1229 1783 literati

201 1819 295 1883 enrici
316 1839 357 1881 ex
378 1818 547 1885 Germania
565 1806 731 1899 epistolem
749 1817 874 1900 accepi,
903 1839 969 1885 uno
989 1831 1125 1901 excepto
1144 1822 1229 1883 Her-

201 1941 319 1983 manno
351 1921 450 1981 Nove
488 1919 611 2004 Aquilae
648 1918 794 1983 Comites
835 1920 886 1983 hio
915 1919 999 1985 enim
1027 1920 1131 1983 officio
1161 1942 1229 1984 non

186 2018 315 2089 „deluit
354 2019 423 2083 Nisi
444 2019 554 2083 durius
574 2021 636 2085 hoc
654 2031 754 2095 esset,
776 2041 870 2103 quum
888 2031 924 2083 ut
940 2040 1013 2082 meo
1029 2021 1063 2083 in
1078 2033 1110 2088 te
1126 2021 1227 2083 emori

188 2110 390 2197 secennio,
424 2140 604 2185 accusarem
630 2130 682 2195 te,
713 2140 896 2204 quanquam
921 2120 1051 2204 quidem
1069 2120 1102 2183 in
1122 2122 1229 2203 aliqua

200 2220 286 2285 torre
313 2241 407 2284 causa
436 2219 555 2295 fueris,
588 2240 687 2302 qnme
714 2240 782 2281 non
812 2220 984 2296 scriberes,
1017 2231 1070 2282 sut
1096 2220 1226 2301 potius,

198 2342 267 2406 quo
281 2322 405 2394 minus,
426 2320 517 2403 quoti
530 2319 700 2400 scripsisti,
720 2321 783 2384 huc
800 2320 1007 2400 perferretur.
1046 2318 1225 2400 Cspnionis

198 2422 364 2503 negotium
405 2420 515 2485 Rourae
552 2421 704 2493 vertitur,
756 2441 841 2481 nuno
873 2420 1043 2486 convocati
1083 2422 1228 2507 undique

200 2521 342 2606 theologi
370 2521 547 2605 disputant,
585 2531 660 2603 post
688 2530 854 2585 statuetur.
904 2522 955 2584 Eo
985 2523 1070 2584 enim
1097 2534 1228 2587 ventum

197 2633 264 2698 est,
297 2623 416 2705 optime
444 2622 568 2698 Croce,
601 2633 638 2684 ut
656 2618 719 2702 jam
743 2642 828 2696 non,
865 2620 943 2704 quid
961 2623 1096 2686 senserit
1119 2623 1224 2685 bonus

196 2736 307 2811 pater,
329 2725 386 2791 sed
401 2722 479 2807 quid
499 2723 635 2787 sensisse
654 2720 757 2802 putori
772 2720 893 2800 possit,
919 2720 1102 2801 accipiatur.
1140 2718 1225 2786 Cum

195 2822 305 2913 primis
326 2822 425 2898 scies,
454 2823 527 2897 ubi,
563 2823 652 2903 quod
681 2821 713 2882 in
734 2820 801 2883 dies
822 2841 935 2901 spero,
970 2822 1011 2884 sd
1031 2845 1082 2885 me
1102 2821 1228 2885 uenerit

195 2923 369 2998 sententie,
398 2943 465 2987 non
484 2920 549 3003 jam
569 2924 609 2985 de
640 2919 823 3001 Capnione,
856 2920 913 2984 sed
938 2921 978 2985 de
1001 2923 1118 2986 nostris
1138 2943 1225 2985 com-

195 3022 333 3087 munitcr
358 3021 469 3087 studiis
497 3025 566 3087 leto.
606 3023 682 3084 Hrec
705 3042 723 3082 e
743 3042 814 3096 me,
841 3020 898 3105 qui
916 3020 1023 3085 brevis
1043 3044 1114 3087 esse
1133 3026 1228 3089 volo.

189 3122 327 3206 ,Aliquid
356 3121 441 3191 enim
467 3123 514 3186 lui
539 3121 645 3189 studio
673 3132 811 3184 moratus
839 3143 909 3184 sum
928 3124 986 3186 hos
1004 3123 1227 3203 Pomersnos,

195 3223 251 3306 qui
273 3222 329 3286 tibi
348 3225 403 3289 hus
423 3225 572 3291 reddunt.
624 3222 688 3286 Sed
708 3232 739 3285 ct
759 3223 820 3284 hoc
838 3243 904 3284 non
924 3222 1078 3291 omittam.
1113 3226 1228 3308 Nuper

194 3323 361 3405 epistolam
386 3322 447 3389 lusi
467 3322 610 3404 elegiaco
631 3321 769 3385 carmine
797 3322 837 3389 sd
857 3319 1015 3386 Cererem
1035 3323 1228 3386 lrioximilis-

193 3444 270 3487 num
296 3421 407 3495 ltaliae3
433 3442 503 3487 eam
527 3421 589 3485 mei
617 3422 778 3488 studiosus
799 3418 928 3506 quidem
948 3422 1225 3508 Vvittenhurgum

193 3520 321 3588 Feccho
351 3519 453 3587 mittit.
492 3519 580 3587 Cure
606 3521 733 3599 videus,
767 3544 844 3587 num
870 3523 948 3605 quid
975 3524 1107 3598 hebeat,
1137 3525 1227 3608 quod

192 3629 224 3680 te
243 3618 364 3685 efficiat.
404 3619 437 3681 Si
459 3630 583 3703 tempus
612 3634 679 3698 est,
707 3643 768 3704 pro
794 3623 1015 3691 illeximilisno
1041 3626 1224 3705 responde:

192 3739 265 3785 rrum
291 3721 353 3782 hoc
380 3719 447 3783 eliis
482 3720 609 3806 reliqui.
666 3721 789 3786 Nimius
818 3721 888 3787 lui:
928 3722 1026 3807 igitur
1059 3725 1225 3786 occludam

192 3820 308 3883 literas.
359 3821 412 3884 'l'u
433 3824 503 3884 vele
523 3823 624 3891 nostri
649 3844 781 3893 memor.
825 3824 974 3892 Bononio
994 3823 1029 3889 V
1051 3822 1126 3889 idus
1155 3824 1225 3888 Au·

193 3918 298 4003 gusti:
319 3919 451 4000 raptim,
471 3921 622 4005 irrevisc,
643 3920 819 3993 sinceriter·

217 4145 246 4217 ⁸)
265 4156 333 4215 Quod
359 4156 382 4202 h.
411 4157 423 4202 Ι
459 4158 491 4207 ist
518 4158 635 4207 euentslts
662 4158 686 4207 lu
713 4159 768 4211 deu
794 4158 941 4222 manuscript
971 4174 1015 4211 rur
1043 4159 1118 4211 sareu
1143 4158 1223 4209 stum

264 4242 375 4305 unssuuq
395 4239 603 4294 hersussusrnden.
