2624 5108
508 814 545 885 in
572 812 722 885 Turcas.
1050 810 1122 885 483

101 1022 217 1073 tarunt.
266 1006 390 1086 Quibus
410 1004 606 1067 successibus
627 1001 716 1078 elati,
743 1014 856 1083 magna
875 998 1042 1065 orientalis
1065 1003 1122 1066 im·

98 1109 179 1188 perii
201 1106 347 1186 potiundi
373 1124 428 1185 spe
452 1101 760 1185 Constantinopolim
779 1098 992 1179 obsederunt,
1027 1113 1122 1190 atque

99 1208 174 1271 inde
194 1226 303 1268 rursus
325 1206 510 1282 Scytharum
525 1211 718 1268 Taurea-lane
734 1202 894 1283 principe,
915 1204 1007 1265 amnis
1028 1200 1139 1299 pulsi„

99 1318 190 1385 capto
211 1326 246 1366 ao
265 1318 433 1388 postquam
453 1304 551 1366 multo
571 1302 709 1366 ludibrio
726 1302 893 1366 tlivexalns
909 1312 1007 1380 esset,
1029 1306 1124 1368 etiam

99 1407 205 1468 occiso
232 1428 344 1468 eorrnn
365 1404 512 1485 Principe
528 1410 679 1476 Peizete,
711 1402 826 1466 iterum
854 1403 914 1465 sub
936 1410 1123 1466 Malmmete

98 1506 215 1568 tributa
247 1506 360 1584 Mysiis
397 1505 594 1585 imperarent.
648 1503 686 1564 Irt
719 1502 794 1565 inde
825 1509 997 1567 Amaratis
1025 1503 1124 1565 (luctu

100 1607 356 1669 'lflrcssalonicam
374 1607 569 1669 debellarunt
585 1624 621 1665 ae
641 1603 856 1684 diripuerunt,
877 1602 1011 1683 Epirum
1027 1614 1123 1687 atque

100 1708 257 1770 Aetoliam
290 1717 500 1787 superarunt,
540 1704 699 1784 lllyricnm
734 1703 920 1766 afflixerunt.
978 1705 1021 1766 Et
1053 1723 1126 1768 cum

99 1808 281 1871 Pannonias
312 1826 443 1889 quoque
478 1816 673 1880 tentassent,
713 1824 820 1887 pugna
851 1800 1031 1888 profligati,
1069 1806 1127 1867 cle·

100 1912 245 1970 cennales
284 1929 356 1969 cum
389 1905 561 1986 majoribus
597 1904 712 1969 nostris
746 1905 887 1967 inducias
923 1905 1127 1967 admiserunt.

101 2012 187 2089 Qtras
218 2028 290 2069 cum
320 2009 472 2068 scelerato
499 2013 641 2088 Eugenis‘
668 2004 833 2069 Pontificis
864 2007 988 2069 hortatu
1024 2000 1127 2067 nostrl

100 2111 286 2182 violassent,
322 2108 434 2190 ingens
461 2105 521 2167 sibi
546 2106 675 2182 uratum,
706 2126 781 2169 reor
808 2102 935 2166 Christo
961 2104 1128 2182 perfidiam

101 2230 231 2271 suorum
251 2207 451 2288 punientem,
472 2206 693 2284 eoriciliarunt,
713 2209 866 2268 'luctuoso
887 2205 971 2283 apud
988 2196 1128 2263 Varnam

100 2311 225 2388 praelio,
265 2310 350 2370 caesis
384 2312 438 2384 (ut
465 2307 592 2384 lerunt)
619 2306 789 2370 Christiani
813 2302 973 2387 sanguinis
1000 2312 1128 2364 centum

100 2408 259 2481 millibus,
307 2408 452 2490 interque
485 2428 542 2471 eos
577 2415 768 2484 t'ladislao,
807 2405 1006 2466 Polonorurn
1037 2422 1127 2485 rege.

100 2510 208 2590 Atque
223 2509 287 2569 haec
302 2507 420 2581 obiter,
442 2528 541 2586 pauca
558 2527 576 2571 e
591 2506 713 2581 multis,
734 2522 802 2588 que
819 2505 932 2565 'l'urcae
948 2513 1127 2584 gesserunt,

101 2610 141 2671 ad
160 2620 304 2689 tempora
321 2628 425 2690 usque
445 2616 666 2682 rtlahumatis,
701 2605 752 2679 ei,
785 2603 841 2687 qui
867 2626 885 2666 a
910 2602 1128 2686 magnitudine

101 2728 208 2772 rernm
228 2730 245 2769 a
264 2730 299 2771 se
320 2720 480 2790 gestarum
498 2716 623 2788 Maqni
648 2716 895 2785 cognomentum
912 2704 1044 2780 meruit,
1071 2704 1127 2767 de·

101 2809 252 2890 prompsi.
301 2811 381 2871 Nam
409 2810 548 2890 Magnus
581 2803 721 2867 omnium
750 2805 953 2887 superiorum
982 2804 1127 2888 gloriam,

101 2908 211 2972 bellica
240 2910 357 2973 virtute
382 2912 479 2990 longe
499 2906 669 2987 superarit.
707 2906 770 2970 Hie
789 2908 839 2971 ille
859 2919 925 2984 est,
959 2907 1015 2991 qui
1035 2894 1133 2969 brevi

101 3021 245 3088 tempore
263 3009 397 3070 niaxima
414 3008 552 3070 coniecit
566 3007 655 3069 bella.
693 3006 757 3090 Qui
773 3027 846 3071 enm
860 3006 943 3072 Asiae
958 3007 1127 3089 imperium

102 3110 338 3182 confirmasset,
379 3094 689 3188 Constantinopolim
719 3130 838 3173 summa
867 3120 976 3172 nostra
1003 3128 1074 3171 eum
1094 3108 1127 3186 *l

102 3207 251 3283 infamia,
293 3227 414 3268 summo
449 3208 631 3285 dedecore,
670 3210 802 3273 alterum
838 3208 1007 3273 Christiani
1039 3208 1128 3272 orbis

105 3312 248 3384 oculum,
289 3308 381 3370 uobis
409 3307 540 3385 ademit,
577 3310 691 3373 Peram
715 3308 750 3371 ln
776 3310 972 3373 deditionem
996 3310 1126 3390 accepit,

104 3421 200 3472 totam
220 3407 388 3489 prostravit
411 3408 580 3485 Graeciam,
607 3409 791 3474 uuiversum
810 3409 940 3474 orientis
961 3409 1128 3493 imperium

104 3510 280 3584 ecnrcussit,
308 3506 445 3589 ejusque
471 3519 503 3568 et
530 3510 654 3571 titulum
672 3522 705 3574 et
723 3511 831 3574 sedem
850 3511 1029 3591 occupavit.
1065 3511 1128 3573 Hic

104 3609 154 3671 ille
175 3620 238 3684 est,
272 3607 327 3692 qui
353 3608 391 3669 aul
411 3607 603 3671 deditionem
624 3620 729 3672 coacta
754 3610 860 3687 Mysia
877 3611 1041 3687 inferiori,
1073 3633 1127 3675 su·

104 3709 263 3789 perierem
293 3729 423 3791 quoque
456 3720 546 3789 capto
577 3729 613 3770 ae
642 3708 830 3785 interempto
858 3708 933 3784 ,ejus
963 3711 1125 3793 Principe,

107 3809 252 3884 obtinuit,
304 3812 473 3892 Hnngaros
499 3808 602 3871 multis
634 3824 669 3870 ae
696 3807 816 3890 maguis
846 3809 948 3871 affecit
974 3810 1126 3884 cladibus,

107 3921 207 3970 totum
230 3910 382 3990 lllyricum
403 3911 485 3973 bello
505 3906 664 3971 contrivit.
692 3910 734 3970 Et
753 3907 879 3991 nequis
894 3908 1129 3972 Gemaniam-ab

106 4012 167 4073 hoc
188 4008 328 4072 intactam
349 4023 452 4090 putet,
473 4034 514 4073 ex
534 4008 705 4091 provinciis
725 4010 840 4071 nostris
855 4008 1062 4090 depopulatus
1078 4018 1128 4073 est

109 4108 300 4184 Carniolam,
324 4132 341 4169 e
359 4109 484 4174 Croatia
499 4111 632 4192 predam
646 4108 767 4192 abegit,
790 4106 955 4171 Corinthiae
969 4128 1003 4170 ac
1017 4109 1126 4190 Styrioe

108 4210 279 4270 vastitatem
309 4208 421 4271 intulit.
470 4212 539 4273 Nec
565 4209 694 4294 segnius
721 4209 837 4276 ltaliam
864 4230 1052 4294 aggressus,
1092 4209 1128 4277 in
1178 4284 1188 4297 ,

114 4339 307 4359 Ἥ

144 4428 175 4498 ⁸)
194 4450 248 4486 cum
266 4452 311 4487 vor
331 4438 427 4490 iufamia
445 4436 575 4502 tetgerum.
