2624 5108
912 438 916 449 Ι

326 805 372 876 ad
394 803 561 877 Leonem
584 799 633 873 X.
655 792 838 906 pimiatio.
1016 796 1085 869 tis

76 998 169 1060 etiam
198 993 327 1059 nomine
358 997 500 1077 praedito.
547 994 622 1057 Non
645 992 740 1055 debet
764 1013 805 1055 ex
824 996 1005 1056 Mrde'cs'bus
1031 988 1088 1052 uni

76 1098 248 1163 convenire
275 1097 493 1171 mendacium,
526 1105 559 1156 et
576 1095 609 1156 in
636 1103 751 1159 tantam
768 1091 942 1156 doatrmem
959 1110 1089 1171 perver-

76 1199 149 1262 sitas
177 1219 242 1260 non
268 1197 456 1273 admittitur,
492 1215 553 1258 neo
582 1193 702 1256 fraudis
729 1192 929 1256 humilitatem
955 1193 995 1254 ad
1018 1211 1088 1255 sese

77 1299 190 1380 accipit
213 1297 360 1360 Leonina
386 1297 591 1382 magnitudo,
631 1314 701 1378 que
733 1295 813 1356 hano
837 1302 942 1355 verset
971 1292 1015 1359 in.
1031 1310 1089 1357 ore

80 1398 184 1463 Grati
208 1403 310 1480 poeta
337 1398 540 1462 sententiam:
561 1392 719 1467 &iniecisti
739 1396 946 1477 ἐνιλίνθερον,
965 1392 1090 1463 disiisset

78 1515 211 1580 essedas.
249 1500 407 1562 Praeterea
430 1499 492 1561 hoa
515 1496 549 1560 in
569 1497 695 1572 libelio,
724 1488 758 1558 si·
771 1515 920 1579 usqum,
954 1495 1091 1558 ostendit

79 1604 291 1674 Laurentius,
309 1598 365 1682 qui
383 1597 451 1677 vir,
473 1609 590 1681 quanto
610 1595 759 1678 preditus
778 1595 882 1658 nrtimo
900 1595 1015 1673 fuerit,
1035 1594 1092 1680 qui

77 1697 214 1760 maximo
235 1698 327 1761 etiem
345 1699 530 1781 proposito,
562 1708 598 1759 nt
622 1696 673 1759 iiia
690 1707 890 1777 tempestate,
926 1696 1091 1777 periculo,

79 1797 243 1862 veritatem
261 1800 410 1863 deserere
427 1799 548 1875 naluit,
582 1807 701 1880 quento
719 1797 840 1860 rectius
861 1808 894 1859 et
913 1794 1091 1862 Christiane

79 1898 199 1979 magis,
238 1920 331 1983 quam
361 1900 412 1976 ille
440 1918 544 1981 nuper
572 1897 696 1978 asintu,
738 1898 795 1982 qui
827 1905 916 1964 ,talio
950 1899 1091 1963 secundo

79 2000 215 2080 pulchre
243 1999 324 2061 iliius
356 2000 534 2063 donationis
559 1997 778 2081 privilegium,
820 2000 910 2082 quod
935 2017 954 2060 e
980 2001 1092 2063 Greeo

78 2099 271 2163 transtulisse
289 2100 365 2162 dicit
384 2120 436 2176 se,
455 2121 526 2163 cum
545 2120 604 2162 nos
623 2120 723 2184 grece
743 2099 892 2179 seriptum
913 2118 982 2162 esse
1001 2100 1093 2182 igno·

79 2220 239 2276 sanemus,
276 2221 342 2266 non
368 2201 445 2263 eitra
467 2200 639 2264 ‹latussimi
668 2201 745 2279 viri,
784 2212 816 2263 et
842 2221 877 2262 se
901 2219 959 2282 per
989 2199 1093 2262 omnia

80 2299 218 2364 melioris
238 2301 458 2367 contumeliam
476 2302 642 2366 dedicavit.
680 2300 912 2367 Adsentsbatur
934 2301 986 2363 ille
1010 2299 1093 2363 erum

81 2410 117 2462 ut
141 2400 198 2462 uni
224 2402 375 2481 placeret,
407 2399 458 2463 hia
474 2422 587 2464 verum
604 2402 705 2477 dixit,
739 2411 776 2462 nt
793 2399 896 2462 multis
917 2398 1094 2482 prodesset.

82 2499 168 2582 Quid
200 2501 239 2562 ad
268 2499 437 2563 Christiani
465 2502 598 2565 hominis
626 2512 659 2562 et
683 2500 761 2563 boni
786 2499 847 2562 viri
864 2498 1094 2581 perfectionem

81 2600 198 2663 deest?
230 2603 332 2678 Quam
350 2612 381 2664 te
398 2620 465 2664 non
484 2613 645 2667 noverunt
663 2600 783 2682 igitur,
811 2601 867 2684 qui
885 2612 1029 2665 metuunt
1046 2602 1095 2665 in*

83 2712 206 2783 gratum
224 2702 307 2762 hisne
320 2700 392 2764 iore
412 2700 469 2764 tibi
490 2710 593 2767 Valtae
612 2701 763 2763 laborem.
799 2702 833 2764 Si
846 2712 976 2765 nossent
992 2702 1094 2780 enim,

83 2819 148 2862 nan
167 2821 209 2862 ex
235 2802 417 2885 praedonum
441 2803 627 2885 pontificum
644 2802 787 2865 moribus
805 2814 890 2865 tuam
910 2803 1095 2868 estimarent

82 2900 195 2976 vitam,
226 2921 243 2961 a
272 2903 386 2985 quibus
408 2923 471 2985 ego
501 2905 631 2966 multum
653 2903 823 2980 dissentio,
854 2915 886 2966 et
913 2913 986 2968 eniri
1010 2914 1096 2971 tuam

83 2999 245 3078 praedicari
272 3001 384 3066 samam
412 3004 525 3080 undio,
557 3015 589 3065 et
612 3005 690 3067 hene
711 3005 833 3088 optime
853 3005 1011 3085 opiniosus
1030 3007 1097 3086 pio·

84 3117 157 3160 nem
174 3100 416 3177 promissionem
442 3103 498 3166 ubi
523 3104 703 3169 considero.
751 3105 923 3170 liestenras
950 3115 986 3168 tu
1012 3107 1097 3169 enim

86 3217 211 3282 pacem,
249 3209 280 3260 at
307 3222 370 3282 pax
401 3222 470 3266 esse
496 3202 579 3269 inter
604 3217 763 3289 raptores,
795 3217 828 3270 et
853 3226 909 3270 eos
937 3226 956 3270 a
981 3205 1097 3289 quibus

86 3299 224 3382 rapitur,
254 3299 316 3362 nisi
343 3322 436 3364 suum
458 3304 622 3383 reddensr,
654 3309 738 3370 nulia
757 3317 871 3392 potest.
909 3307 1024 3389 Neque
1043 3316 1097 3383 tu,

85 3401 147 3465 nisi
164 3421 232 3464 rem
251 3401 348 3482 ipsam
367 3413 513 3483 praestare
530 3406 644 3481 velles,
671 3407 776 3471 inania
790 3407 883 3471 nobis
902 3426 1098 3489 proponeres

87 3503 195 3566 verba.
233 3502 345 3583 ltaque
371 3499 417 3562 sio
443 3502 559 3585 opinor
579 3507 673 3587 ualde
698 3509 933 3572 succensuisses
953 3518 989 3571 tu
1007 3509 1098 3586 mihi,

33 3657 37 3665 .
87 3602 205 3667 sinon
233 3614 295 3665 tam
321 3611 432 3664 canna
456 3602 548 3667 animi
574 3607 760 3670 sententiam
782 3608 862 3684 mei,
894 3628 988 3692 quarn
1006 3609 1100 3671 etiam

87 3714 197 3767 cantra
224 3722 422 3766 communem
450 3704 590 3766 omnium
608 3724 734 3766 sensnm
752 3706 844 3788 (qum
869 3717 916 3768 est
940 3708 1025 3770 enim
1042 3706 1101 3791 qui

87 3802 131 3866 ita
157 3804 309 3881 sentiat,)
339 3803 521 3887 probassem
548 3801 633 3886 opud
659 3814 692 3865 te
717 3803 874 3884 piaculare
893 3806 1100 3890 figmentum,

90 3906 179 3987 quod
207 3907 246 3967 de
266 3917 471 3972 Constantino
488 3903 609 3968 mentiti
632 3915 704 3967 sunt
721 3903 765 3968 illi
788 3906 1099 3988 pseudopontifices,

89 4005 145 4088 (pai
183 4007 354 4071 occidentis
391 4006 556 4090 imperium
594 4024 667 4068 enm
706 4004 788 4069 tube
821 4006 925 4069 Roma
961 4004 1101 4089 gentium

88 4104 215 4169 domina
233 4126 418 4171 concessum
441 4107 481 4170 ab
506 4109 568 4170 hoa
592 4106 651 4169 sibi
678 4106 918 4169 contenderunt.
956 4107 1103 4188 Quorum

88 4203 121 4266 in
154 4207 216 4269 hoe
245 4206 442 4287 potissimum
472 4205 631 4269 audaciam
658 4206 777 4285 mmor,
811 4207 900 4292 quod
926 4207 1019 4271 veriti
1035 4228 1104 4271 non

89 4304 221 4368 suntid
249 4308 416 4383 affirmare,
458 4306 546 4391 quod
575 4305 768 4370 medion-nm
793 4306 950 4371 neminem
976 4306 1104 4370 seirent.

90 4405 154 4469 Sed
185 4407 348 4472 Germanis
377 4424 584 4491 persuasura·
612 4420 647 4469 se
674 4408 846 4490 putabant,
882 4416 996 4490 utpote
1019 4426 1103 4494 quor
