2624 5108
651 87 767 260 Ι
885 138 887 154 i

487 888 615 965 Oratio
641 882 818 966 Secunda.
1094 905 1157 972 101

143 1086 197 1167 qui
215 1105 234 1146 a
255 1083 322 1145 satis
345 1093 408 1147 tem
432 1081 571 1165 graviter
593 1082 754 1146 damnatcu
779 1094 836 1146 est.
881 1085 993 1170 Itaque
1016 1088 1162 1153 omnibus

141 1182 335 1268 desperatis,
358 1182 446 1247 ‘totus
467 1182 643 1247 domestico
667 1184 769 1259 malo,
795 1181 945 1247 intestino
962 1189 1096 1263 morbo,
1131 1188 1164 1250 id

141 1296 209 1358 est,
244 1282 433 1366 graviuimis
461 1280 660 1345 conscientie
686 1281 817 1347 stimulis
842 1283 1004 1347 involutus
1026 1298 1163 1352 tenetur.

143 1382 225 1465 Agit
238 1383 338 1459 enim,
363 1403 545 1466 quanquam
563 1383 671 1446 callide
692 1384 880 1459 dissimulet,
907 1385 1004 1447 vitam
1023 1387 1164 1449 omnium

145 1482 383 1546 afflictissimam.
412 1481 495 1545 Nihil
507 1479 629 1545 fiducie
647 1494 710 1558 est,
730 1480 832 1545 metus
848 1484 973 1567 ingens.
1005 1484 1163 1548 Sollicitus

144 1593 192 1644 est
214 1603 357 1665 semper,
382 1581 557 1663 suspicante
582 1581 697 1644 omnia.
744 1584 834 1664 Quos
855 1584 972 1649 amicos
995 1584 1104 1660 hebet,
1135 1584 1163 1647 si

143 1684 226 1745 ullos
243 1693 350 1751 lernen
369 1680 475 1757 habet,
502 1681 697 1744 simulatores
719 1691 819 1763 putat.
856 1684 931 1745 Non
950 1696 1072 1746 constat
1091 1684 1162 1749 sihi.

141 1781 344 1846 Circumfluit
372 1780 516 1845 omnibns
538 1780 722 1844 insidiarum
746 1779 857 1863 copiis.
906 1783 1025 1846 Metuit
1053 1806 1164 1848 omnes

140 1893 285 1945 eventus.
328 1881 382 1945 An
407 1899 534 1944 omnem
556 1881 709 1960 crepitum
734 1882 941 1962 pertimescit.
975 1883 1029 1947 Ad
1049 1884 1165 1947 nullam

142 2002 211 2045 rem
225 1981 439 2063 peragendam
453 1982 527 2044 satis
541 1980 602 2045 eibi
619 1991 729 2043 cautus
747 1981 885 2045 videtur.
922 1983 1016 2045 Latet
1031 1983 1065 2045 in
1085 1982 1162 2047 odio
1273 1988 1281 2001 '

141 2102 284 2146 suonam.
335 2080 450 2144 Prodit
482 2080 515 2143 in
544 2079 763 2163 indignatione
794 2082 943 2145 omnium.
996 2083 1065 2146 Sibi
1096 2083 1165 2164 ipse

140 2183 332 2258 confideret,
359 2182 387 2244 si
408 2183 495 2244 solus
511 2201 581 2244 esse
597 2192 725 2261 possen
752 2183 866 2245 sedne
885 2182 931 2246 sic
953 2183 1083 2266 quidem
1101 2183 1166 2264 agit

143 2281 294 2365 quietem.
334 2280 440 2343 Habet
461 2301 534 2344 suos
549 2281 699 2363 vigilans,
726 2280 818 2344 hahet
840 2282 1027 2345 somniando
1047 2302 1165 2362 poenas.

146 2379 232 2444 Mire
251 2391 322 2443 ante
348 2383 460 2444 ocrdos
487 2380 642 2443 scelerum
659 2380 756 2444 facies
778 2374 998 2443 obversantur.
1038 2378 1166 2443 Consu·

146 2481 242 2543 mitur
270 2478 373 2556 hrum,
421 2490 559 2542 terretur
598 2479 688 2542 loris.
747 2479 969 2542 contemnitur
1009 2478 1049 2540 ab
1079 2478 1164 2554 aliis,

143 2580 331 2661 desperatur
355 2600 375 2640 a
392 2600 427 2641 se
445 2579 526 2659 ipso.
572 2577 831 2642 circumvallatus
853 2590 902 2641 est
924 2579 1084 2641 horrenda
1104 2589 1166 2640 ter-

140 2700 251 2743 rorum
271 2678 453 2743 obsidione.
493 2679 704 2761 oppugnatur
724 2676 909 2759 quotidiana
929 2676 1166 2741 malefactorum

144 2778 306 2842 memoria.
343 2778 495 2861 Agitatur
508 2777 631 2841 invictis
655 2799 802 2840 curarum
819 2777 987 2852 fluctibus,
1016 2777 1169 2842 fervescit

143 2877 320 2943 intrinsecis
334 2875 533 2960 'flagitiorum
549 2877 682 2941 facibus.
734 2881 812 2959 Quae
834 2899 901 2941 non
925 2878 1025 2961 igitur
1052 2898 1165 2953 namo,

140 2980 232 3062 quod
259 2980 303 3043 ut
336 2978 519 3043 evitandum
549 2979 592 3041 illi
619 2977 808 3060 supplicium
834 2977 982 3059 opitulari
1012 2978 1165 3053 debeant,

142 3080 201 3141 sed
217 3101 286 3163 quo
308 3078 453 3158 repetitis
473 3076 596 3141 vicibus
613 3077 767 3140 inculcem
787 3078 897 3154 vobis,
924 3100 1032 3163 nequa
1050 3099 1093 3140 ex
1110 3081 1169 3141 hac

144 3178 367 3261 desperatione
383 3178 577 3240 confidentia
599 3177 729 3240 orietur.
767 3178 848 3240 Sunt
869 3178 999 3258 quidem
1019 3179 1077 3241 illae
1094 3178 1168 3241 satis

146 3277 266 3339 acerbae
283 3278 521 3341 malefactorum
535 3297 632 3357 poene
640 3301 648 3351 ;
669 3297 781 3338 verum
794 3297 860 3338 non
875 3286 937 3337 tem
951 3275 1039 3338 illum
1051 3275 1167 3354 puniri,

144 3398 241 3461 quam
264 3398 323 3443 nos
346 3378 473 3440 liberari
491 3377 524 3440 in
546 3377 688 3440 futurum
707 3388 793 3439 metu
814 3384 951 3458 oportet.
990 3372 1101 3457 ltaque
1120 3373 1167 3436 his

142 3477 306 3541 crucietur
327 3477 475 3560 quidem,
504 3487 606 3538 morte
628 3496 707 3538 vero
733 3476 773 3536 ab
795 3475 959 3539 hominum
984 3472 1166 3549 consortio,

144 3579 206 3638 hoc
219 3588 287 3652 est,
308 3577 450 3639 omnium
466 3575 862 3655 Gemmrrorumpernicie‚
883 3597 953 3659 quse
966 3575 1000 3636 in
1018 3573 1099 3638 illius
1120 3572 1168 3636 in·

146 3676 325 3741 columitate
353 3676 413 3739 sita
444 3686 508 3749 est,
536 3675 707 3737 auferatur.
747 3674 798 3734 Sic
815 3675 972 3738 cruciatus
997 3696 1057 3755 pro
1082 3694 1118 3737 se
1136 3673 1168 3748 e)

146 3774 245 3852 ferat3
273 3776 321 3841 sic
346 3786 449 3838 morte
476 3774 525 3837 eui
551 3773 697 3835 timorem
716 3772 827 3834 solvet.
877 3777 955 3854 Quas
979 3775 1019 3838 sit
1045 3775 1086 3837 de
1107 3774 1168 3835 hoc

144 3872 267 3956 judicio
294 3874 436 3939 omnium
458 3873 621 3939 hominum
646 3869 843 3952 expectatio,
874 3871 998 3935 vidctis.
1044 3874 1168 3936 Petitur

144 3996 164 4036 a
192 3975 286 4038 vobis
318 3975 501 4058 integritas,
540 3971 651 4047 facite,
687 3992 728 4034 nc
762 3967 970 4032 desideretur.
1025 3974 1077 4032 Ex
1106 3972 1168 4035 fine

147 4074 305 4137 Gontiana
330 4084 394 4149 est,
437 4075 551 4138 mdlius
578 4072 611 4135 in
639 4070 810 4153 judicando
845 4068 976 4152 gratiam
1005 4081 1166 4149 spectare,

144 4173 263 4235 nullius
278 4174 391 4238 fauore
410 4184 462 4236 aut
480 4173 599 4236 invidia
614 4171 706 4246 duci,
732 4172 847 4234 nullius
864 4171 1037 4253 potentiam
1055 4170 1169 4232 vereri.

144 4272 274 4337 Deinde
299 4293 339 4338 eo
367 4273 507 4337 deterior
531 4284 580 4338 est
605 4273 670 4336 linc
692 4271 852 4349 conditio,
883 4272 973 4356 quod
993 4289 1044 4332 res
1067 4269 1171 4350 agitur

1277 2862 1298 2901 'l

184 4502 214 4565 ³)
229 4524 278 4567 m
296 4526 323 4562 te
335 4513 424 4573 serat,
443 4507 512 4560 serti.
