2624 5108
444 808 457 823 Ἰ
468 839 596 913 Oratio
620 840 750 913 Prima.
1073 850 1116 923 89
1226 886 1229 891 -

106 1043 165 1095 aaa
180 1031 291 1096 salutis
309 1032 521 1095 ‹tuensormn
561 1030 646 1113 Quid
660 1030 744 1094 enim
756 1034 823 1095 noc
837 1033 966 1110 addam,
986 1057 1118 1119 parvum

103 1132 189 1211 apud
207 1143 259 1205 te,
292 1132 348 1215 qui
372 1153 536 1215 nunquam
560 1144 706 1195 strenuus
731 1132 846 1207 fueris,
875 1136 964 1216 ‹ptod
983 1148 1119 1199 armatus

100 1232 295 1294 inermema
318 1242 409 1312 tergo
436 1232 627 1315 aggressus?
675 1233 841 1297 Postremo
868 1235 932 1295 haee
959 1256 1053 1317 (paam
1080 1237 1120 1298 ab

103 1329 194 1394 omni
204 1332 391 1393 humanitate
403 1332 519 1406 aliena,
532 1350 626 1415 <paam
639 1345 669 1394 te
679 1333 790 1415 digna,
804 1335 891 1417 quod
903 1332 949 1395 sic
959 1345 1119 1397 mortuum

105 1430 278 1504 dissecasti,
304 1433 393 1514 quod
417 1452 490 1493 caua
508 1452 567 1495 nos
587 1432 736 1512 conuictu
756 1434 898 1497 ornasses
920 1433 1119 1509 (ducissime,

104 1529 230 1594 suaseris
249 1552 382 1614 quoque
399 1532 509 1595 solatio
530 1533 710 1612 spoliandos
728 1533 857 1597 duxisti.
895 1528 1020 1597 Scilicet
1040 1533 1121 1596 intra

105 1631 212 1691 nullos
240 1630 391 1693 terminos
413 1642 465 1695 teia
496 1631 635 1695 constitit
660 1634 820 1696 ferocitas.
871 1635 952 1696 Nam
979 1635 1069 1716 quod
1088 1634 1121 1697 in

102 1741 216 1793 nostro
253 1731 409 1814 sanguine
441 1730 610 1819 admisisti,
648 1732 748 1813 majus
775 1743 887 1794 natura
922 1734 1025 1799 scelus
1055 1754 1121 1799 saon

100 1830 214 1913 recipit
232 1831 274 1906 *).
312 1832 451 1896 Possum
464 1833 526 1895 hoc
544 1833 658 1897 iterum
678 1831 830 1916 tragicum
849 1835 1034 1897 exclamare.

179 1947 260 2007 Tale
278 1947 351 2031 quis
368 1948 450 2011 vidit
469 1948 585 2011 nefas?

180 2047 262 2127 Quis
282 2046 475 2127 inhospitalis
503 2047 638 2112 Caucasi
655 2070 768 2131 rupem
787 2068 929 2129 asperam

95 2170 98 2175 ’
175 2144 364 2226 Heniochus
383 2148 547 2212 habitans?
567 2149 679 2232 quisve
699 2148 864 2234 Cecropiis
884 2161 985 2213 metus

87 2244 94 2254 ’
180 2246 291 2310 Terris
310 2247 513 2312 Procustes?

182 2384 256 2449 Tua
279 2386 429 2451 maleficia
449 2389 509 2449 nisi
534 2389 678 2472 supplicii
704 2390 825 2452 diritate
852 2388 1023 2460 edicimus,
1056 2406 1123 2447 nou

107 2482 264 2564 punimus.
301 2490 364 2552 Sed
378 2487 442 2570 jam
460 2488 511 2551 ille
522 2500 646 2564 noster,
667 2489 816 2551 Germani
833 2487 878 2550 sie
895 2488 1056 2567 proditus,
1077 2483 1122 2553 sie

106 2607 126 2648 e
144 2586 251 2649 medio
269 2588 426 2664 usblatus,
452 2610 519 2651 aton
537 2589 635 2651 credo
656 2600 841 2668 expectare,
867 2608 927 2650 vos
945 2598 980 2649 ut
1009 2586 1120 2648 dicant.

104 2706 169 2770 quo
190 2688 288 2751 modo
308 2688 443 2763 vixerim
453 2702 484 2750 et
502 2710 564 2772 qua
579 2687 762 2771 indiguitate
777 2686 917 2768 perierit.
942 2672 1024 2750 'Non
1039 2685 1122 2748 euim

104 2786 166 2850 uisi
191 2787 308 2868 optime
334 2788 483 2865 vixisset,
510 2789 555 2852 sic
579 2810 597 2851 a
621 2787 713 2851 vobis
740 2776 859 2851 amatus
885 2799 989 2863 esset,
1015 2808 1121 2869 neque

102 2886 162 2951 nisi
177 2887 370 2966 miserrime,
389 2912 425 2953 ac
439 2889 695 2973 innnocentissime
708 2888 892 2965 interiisset,
911 2888 956 2951 sic
972 2876 1132 2950 doleretis·

100 3001 272 3055 mortuum.
303 2986 406 3067 Cujus
420 2989 446 3052 si
460 2991 578 3053 nullum
591 2989 626 3052 in
637 2992 717 3053 hanc
728 2991 858 3072 patriam
869 2990 952 3053 beina
965 2989 1121 3084 meritum,

102 3090 188 3152 nuda
201 3089 284 3152 bona
302 3109 374 3171 spes
393 3101 489 3167 esset,
510 3093 562 3151 uel
586 3090 629 3151 ob
648 3089 682 3153 id
699 3090 835 3152 maxime
856 3088 898 3151 itti
922 3089 1121 3165 deberemus,

104 3190 196 3273 quod
215 3189 241 3252 is
262 3211 321 3255 suo
344 3209 481 3271 corpore
504 3188 640 3269 prinuam
662 3187 796 3253 furentis
813 3187 964 3269 impetum
986 3187 1123 3267 excepit,

103 3310 141 3350 ac
156 3288 191 3352 in
206 3311 241 3352 se
260 3288 326 3375 ipse
346 3283 558 3370 consumpsit,
584 3290 681 3352 modo
702 3310 760 3353 vos
784 3290 845 3351 hoe
865 3285 984 3367 judicio
1005 3306 1123 3365 oppor-

100 3388 228 3454 tunitati
252 3390 292 3453 ab
318 3390 372 3453 itlo
398 3388 491 3452 vobis
518 3390 612 3451 allata
637 3410 703 3451 non
728 3387 903 3453 defueritis.
953 3386 1009 3449 Ille
1038 3383 1123 3447 euim

102 3490 146 3555 sic
166 3492 279 3555 obiens
297 3490 524 3554 documentum
539 3489 630 3552 vobis
649 3489 794 3573 reliquit,
822 3511 891 3572 quae
910 3487 1028 3569 pestis‚·
1057 3506 1122 3570 quo

103 3592 235 3657 consilio
255 3615 275 3657 a
293 3592 386 3657 vobis
408 3589 643 3655 exterminanda
662 3590 711 3652 sit.
750 3591 827 3668 Quae
847 3588 873 3652 si
892 3589 1015 3670 vigeat,
1035 3600 1067 3648 et
1089 3588 1123 3649 in

104 3695 167 3757 hoc
185 3693 318 3777 impen‘o
338 3703 518 3778 grassetur,
549 3689 658 3754 docuit
676 3689 764 3769 ipse,
795 3710 890 3771 quam
908 3710 974 3766 non
988 3688 1037 3764 aa)
1058 3698 1124 3751 tuta

104 3794 205 3857 omnis
234 3796 345 3859 {utum
367 3792 547 3856 ismocentia
576 3789 625 3853 sit.
664 3788 732 3850 Vix
763 3788 894 3851 ulterius
924 3788 1043 3872 alitpaid
1073 3786 1124 3877 me

100 3916 352 3961 commemorare
371 3892 445 3957 sinit
464 3914 552 3955 meus
574 3890 687 3963 dolor,
721 3885 852 3951 istorum
872 3889 992 3963 luctus,
1020 3899 1125 3949 uestra

100 3996 249 4076 perculsa
265 3994 399 4061 auditio.
437 3992 583 4058 Forsitan
600 3990 669 4067 W)
690 3990 753 4051 hoc
771 3986 862 4071 ‹paasi
889 3976 922 4047 in
943 3998 1127 4048 transcursu

101 4094 269 4159 addidero.
316 4096 369 4161 Sic
395 4094 492 4169 vixit,
521 4103 558 4155 ut
583 4088 652 4173 ejus
677 4088 742 4150 vita
770 4088 809 4151 ab
834 4082 956 4167 injuriis
984 4084 1126 4147 omnium

100 4196 225 4259 tuenda
242 4198 424 4273 uideretur,
451 4214 611 4281 quemque
633 4211 699 4254 non
726 4188 823 4253 modo
843 4189 1040 4290 ineolumem
1055 4178 1125 4249 esse

136 4379 167 4443 *)
186 4388 293 4445 recepte,
320 4386 418 4445 recepit.
461 4386 505 4437 aa)
521 4383 644 4431 zwischea
671 4394 740 4441 quam
757 4406 791 4418 -
808 4382 872 4426 tuta:
902 4391 952 4424 non
979 4376 1120 4434 betgesetzt'.

139 4461 200 4533 m)
219 4465 359 4529 Forsitan,
377 4469 486 4518 tussitan.
1090 4478 1093 4482 ·
