2624 5108
155 872 220 940 102
391 863 434 937 In
456 861 642 939 Ulricbum
665 860 917 963 Wrrtenberg.

150 1054 296 1120 omnibus
317 1067 409 1132 nota,
435 1064 469 1117 et
484 1075 554 1139 quaa
581 1053 631 1117 sui
647 1054 730 1118 lama
744 1073 812 1120 non
827 1054 1027 1119 Germaniam
1044 1055 1161 1132 modo,

149 1159 206 1221 scd
216 1158 394 1219 universam
405 1172 507 1236 prope
516 1158 678 1236 Europam
687 1167 857 1239 pervagata
867 1168 930 1232 est,
945 1168 981 1218 ut
988 1154 1162 1219 'obscurum

148 1277 306 1319 essenon
331 1255 452 1337 possit,
485 1255 512 1319 si
535 1254 614 1337 quid
636 1277 654 1318 a
678 1255 786 1332 vobis,
818 1257 907 1339 qnod
930 1274 1027 1321 nemo
1051 1269 1161 1339 putat,

148 1357 250 1422 tantus
275 1368 404 1420 strenue
431 1352 603 1433 judicatum
624 1355 732 1421 luerit.
780 1358 883 1437 Quam
904 1367 952 1421 est
972 1359 1035 1421 boc
1058 1369 1163 1423 autem

146 1457 367 1536 spectandum,
383 1456 473 1537 quod
483 1455 523 1516 ab
535 1457 597 1519 hoc
607 1455 727 1537 posteri
736 1458 915 1537 exemplum
926 1458 1162 1549 ‹prmisrnnana

145 1557 316 1620 habebunt.
357 1556 426 1627 Nec
439 1555 510 1618 fieri
521 1556 654 1636 poterit,
671 1556 733 1620 nisi
746 1556 794 1620 his
805 1556 967 1637 principiis
981 1557 1162 1635 obsistatau,

146 1655 224 1738 quin
245 1655 373 1737 pessimi
399 1656 433 1717 iu
462 1654 661 1719 Germaniam
684 1676 789 1721 mores
820 1659 1021 1731 invehantur,
1064 1660 1162 1739 Quod

145 1767 176 1818 te
194 1754 300 1819 Cesar
316 1757 493 1837 prosatore
511 1766 653 1835 oportet,
680 1775 723 1817 ne
739 1755 766 1818 si
783 1776 844 1820 noa
859 1757 968 1823 audias
983 1756 1159 1833 remissius,

144 1857 305 1920 communi
326 1856 500 1921 Germania
518 1857 606 1919 bono
630 1855 771 1921 defuisse
788 1856 936 1921 videaris.
974 1855 1060 1939 Quid
1076 1857 1161 1921 enim

143 1956 278 2035 petimus
302 1958 404 2034 aliud,
444 1978 538 2043 quam
561 1977 603 2019 ex
629 1969 661 2019 te
683 1956 775 2020 fonte
798 1957 900 2021 omnis
927 1958 990 2020 hoc
1017 1967 1162 2039 tempore

143 2053 268 2136 justitiae
291 2056 417 2138 aspergi
439 2078 475 2120 ac
503 2057 609 2133 refici,
641 2069 773 2132 utros,
804 2056 1014 2141 fortunasque
1037 2069 1161 2122 nostras

143 2167 254 2218 contra
268 2156 471 2235 perditissimi
486 2155 643 2241 cujusque
658 2157 724 2220 vim
737 2177 774 2220 ac
790 2157 971 2220 violentiam
983 2168 1017 2221 te
1032 2156 1158 2219 uindice

140 2257 404 2340 propugnemus?
425 2268 461 2320 ut
472 2256 530 2339 qui
539 2278 599 2320 nos
614 2269 677 2321 tam
691 2257 861 2320 inhumano
876 2255 1036 2333 facinore,
1054 2257 1160 2321 dolori

142 2378 178 2419 ac
194 2359 292 2420 luctui
309 2359 468 2422 obnoxios
487 2357 640 2434 reddidit,
668 2357 766 2440 digno
784 2358 911 2420 tandem
929 2357 1103 2442 supplicio,
1128 2368 1160 2421 te

141 2454 318 2539 judicante,
356 2460 505 2534 affectus,
538 2460 657 2522 soletur
683 2479 719 2522 ac
745 2459 852 2522 leniat.
906 2459 1022 2524 Totam
1045 2459 1078 2520 in
1107 2469 1161 2521 tua

138 2557 311 2640 religione,
336 2560 424 2642 quod
434 2559 587 2623 debemus
597 2605 605 2635 ,
617 2571 734 2644 tuaque
746 2561 809 2623 fide
821 2578 946 2620 causam
960 2558 1160 2638 deponimus.

141 2655 204 2720 Ubi
223 2659 299 2722 nihil
320 2660 448 2736 laboro,
475 2658 545 2743 ejus
566 2659 681 2723 iterum
701 2676 903 2722 commonere
920 2668 970 2732 te,
1003 2659 1093 2739 quod
1115 2658 1159 2722 sis

140 2755 208 2836 ipse
218 2762 423 2823 vehementer
435 2759 473 2823 ab
485 2761 547 2822 isto
556 2761 663 2835 lassus,
677 2779 744 2842 quo
754 2778 794 2819 ne
806 2756 922 2838 dignus
935 2756 994 2819 iste
1003 2756 1159 2835 videatur,

141 2856 213 2938 qui,
235 2878 308 2922 cum
326 2868 361 2920 tu
374 2857 526 2939 privatam
539 2859 569 2932 l)
584 2857 729 2938 injuriam
743 2859 942 2938 expostules,
963 2869 996 2918 et
1009 2859 1071 2921 hoc
1085 2861 1158 2921 loco

140 2957 185 3018 sic
206 2968 238 3019 te
266 2959 411 3032 intucor,
451 2971 487 3021 ut
519 2957 575 3041 qui
605 2958 761 3040 publicam
788 2977 957 3038 personam
986 2958 1157 3034 sustineas,

139 3076 334 3141 pessumque
360 3059 464 3136 ferre,
498 3070 531 3122 et
556 3060 644 3121 bono
675 3057 781 3120 enimc
814 3077 903 3132 esse,
940 3059 1030 3140 quod
1063 3056 1158 3139 hujus

139 3157 266 3238 private
282 3157 405 3240 injuriae
424 3173 484 3224 maa
503 3159 627 3243 penitus
641 3156 846 3221 obliviscaris.
885 3158 1073 3239 Quanquam
1092 3180 1158 3221 uon

139 3258 214 3320 nihil
241 3273 273 3322 et
295 3261 346 3323 illa
371 3262 497 3343 pessimi
520 3281 556 3322 ac
577 3258 705 3341 publico
729 3257 819 3339 digni
844 3258 999 3339 supplicio
1021 3260 1159 3341 exempli

139 3361 374 3440 complectitur,
395 3373 427 3422 et
448 3361 502 3422 abs
519 3370 550 3420 te
564 3380 623 3422 suo
643 3359 716 3420 loco
732 3357 926 3420 tractabitur.
965 3360 1030 3421 Sed
1042 3359 1158 3441 nequis

139 3459 180 3520 ita
197 3480 256 3519 nos
277 3479 372 3521 causa
390 3459 545 3522 excidisse
565 3459 754 3532 arbitretur,
784 3467 823 3519 ut
837 3457 876 3519 ad
896 3456 1030 3521 alionum
1052 3459 1159 3539 ‹prod-

139 3557 186 3619 vis
204 3557 253 3633 Μ)
276 3554 486 3638 patrocinium
509 3558 738 3623 recurrendum
762 3557 818 3634 sit,
851 3567 1002 3641 qnantum
1020 3568 1158 3638 potero,

139 3655 218 3718 intra
233 3669 373 3720 nostram
392 3678 441 3721 me
458 3679 582 3722 causam
599 3658 781 3721 continebo.
818 3656 881 3721 Ubi
896 3660 962 3734 Μ)
981 3657 1015 3720 in
1038 3680 1159 3723 summa

138 3755 213 3818 illud
231 3776 310 3837 ago,
343 3769 379 3819 ut
403 3758 430 3823 si
450 3780 509 3822 nos
529 3759 588 3823 iste
610 3757 784 3823 immaniter
805 3758 899 3833 laesit,
932 3757 959 3821 si
979 3758 1154 3821 novissimo

137 3858 282 3939 exemplo
316 3860 512 3923 teterrimum
548 3861 609 3924 sibi
642 3855 831 3940 supplicium
869 3859 1051 3932 accersivit,
1093 3858 1156 3920 boc

135 3955 249 4032 facias,
281 3960 369 4042 qnod
399 3971 431 4022 et
455 3961 571 4033 debes,
602 3970 635 4019 et
659 3969 768 4038 potes,
806 3960 966 4039 utquam
992 3957 1155 4022 celerrime

136 4057 258 4135 punias.
298 4060 384 4140 Quid
402 4060 487 4121 enim
507 4059 565 4121 ista
589 4057 649 4121 sibi
671 4060 739 4120 vult
756 4059 1072 4137 comperendinatio?
1103 4072 1158 4122 aut

136 4175 193 4219 cur
208 4178 274 4219 non
292 4161 377 4221 ultro
389 4160 480 4222 'hunc
504 4159 544 4221 td
563 4156 754 4240 supplicium
768 4157 879 4241 rapis?
905 4160 957 4224 An
976 4180 1033 4223 cos
1051 4159 1157 4235 feres,

167 4380 341 4524 :igrviscben
359 4405 411 4439 cum
420 4393 491 4437 -lu
503 4407 509 4439 t
524 4397 652 4448 prumam
668 4396 801 4454 tergescat.
836 4386 883 4449 “l
893 4400 996 4455 qaodm'r
1003 4429 1014 4455 ,
1032 4399 1149 4457 quodque.

253 4478 317 4536 cst,
334 4477 381 4523 ubl.
