2822 4724
285 391 337 464 80·
528 387 574 494 in
598 391 781 466 Ulrichum
804 391 1051 496 Wirtenberg.

283 593 388 648 tunnn
414 585 508 650 vitam
535 585 633 662 huno,
667 582 722 670 qni
739 595 788 648 'ne
815 587 967 665 promittit
997 588 1147 674 quidem,
1179 600 1235 654 ant
1260 591 1289 658 si

265 685 456 764 promittet,
482 686 523 748 de
548 705 613 770 quo
633 705 699 748 non
721 690 853 751 obscure
873 687 1073 771 intelligitur,
1105 710 1198 773 quern
1211 693 1286 754 velit

281 783 390 848 virere
411 785 588 861 hominem,
618 779 730 857 canta
748 785 907 862 familiari,
939 799 971 850 et
993 789 1092 851 arnico
1115 789 1223 865 ceorlis,
1249 813 1286 854 ac

279 881 436 948 tatrooinii
457 874 637 968 auspicans·
652 885 691 948 sit
706 885 837 950 initium.
875 888 973 950 Immo
991 889 1195 953 oretii'minus
1214 891 1288 954 nihil

279 979 399 1064 potem,
420 1007 513 1068 quam
526 986 583 1068 qui
595 987 656 1048 hoo
669 987 759 1062 iecit,
777 1009 849 1050 eum
861 990 974 1062 anulio
988 988 1154 1072 aliqnando
1168 993 1286 1054 scelere

279 1085 521 1163 iempernturum
533 1083 603 1149 sihi.
631 1088 680 1146 Te
693 1087 788 1172 igitur
800 1099 923 1151 cautum
936 1107 1005 1150 esse
1018 1101 1160 1169 oportet,
1175 1089 1285 1174 tuique

279 1204 461 1248 memorem.
491 1185 603 1248 Omnia
620 1185 702 1250 enirn
718 1189 809 1262 mnia,
831 1207 898 1271 quae
912 1186 1005 1269 hujus
1019 1189 1156 1270 imperii,
1173 1191 1285 1274 qualis·

278 1305 405 1368 onnque
421 1297 468 1348 est
482 1287 590 1362 statui,
610 1287 731 1352 ruinam
746 1287 857 1351 minari
870 1301 1004 1368 possunt
1011 1333 1024 1366 ,ι
1040 1291 1131 1354 unius
1150 1287 1284 1356 hominis

278 1385 400 1468 eapite,
419 1399 475 1450 tno
495 1386 659 1463 arbitratu,
680 1399 711 1450 et
726 1399 822 1462 stant,
842 1399 875 1450 et
891 1389 1058 1452 intereunt.
1096 1391 1202 1472 Atque
1218 1391 1283 1452 heo

277 1488 344 1550 soie
369 1487 460 1552 nobis
486 1507 573 1568 spes,
605 1491 690 1551 solos
717 1489 767 1552 hio
791 1488 884 1551 timor
910 1501 973 1564 est,
1006 1500 1058 1550 aut
1078 1487 1184 1551 oooiso
1210 1485 1283 1565 isto,

277 1599 332 1650 aut
350 1608 408 1668 per
429 1599 459 1650 te
481 1599 616 1650 servato.
662 1587 712 1650 De
736 1611 801 1672 qno
825 1590 885 1654 nisi
906 1589 1038 1670 pessima
1059 1590 1162 1652 omnio
1183 1591 1284 1670 suspi-

276 1687 374 1762 ooris,
413 1688 458 1750 tui
484 1688 574 1752 nimis
605 1687 806 1752 oblivisceris.
853 1691 931 1767 Nem
960 1689 1015 1774 qui
1043 1711 1060 1751 a
1087 1703 1149 1752 tem
1167 1688 1282 1758 insonti

275 1784 394 1868 juvene
425 1789 542 1864 orodes,
582 1811 619 1852 ao
649 1788 813 1869 parricidia
846 1791 986 1865 orditur,
1021 1791 1060 1852 de
1093 1810 1133 1852 eo
1163 1790 1282 1870 sperari

276 1889 385 1952 melius
404 1899 610 1970 nonpoto'st‚
641 1909 733 1970 quom
761 1899 959 1970 perspectum
983 1901 1038 1953 est.
1084 1891 1197 1972 Neque
1222 1891 1283 1952 utta

275 2009 415 2072 unquam
430 1987 543 2068 majori
558 1989 699 2068 periculo
717 2009 866 2052 concessa
882 1989 1045 2069 impunitas
1058 1989 1127 2052 init.
1159 1979 1283 2071 'Magne

274 2091 419 2170 proiecto
442 2113 496 2154 res
526 2102 590 2165 est,
618 2089 738 2165 Gaesnr,
771 2101 802 2150 et
829 2111 896 2170 qne
926 2091 1068 2172 neglecta
1089 2088 1141 2152 abs
1165 2100 1195 2151 te
1216 2110 1282 2150 non

274 2202 381 2270 potest
404 2211 469 2254 non
495 2190 756 2258 existimationem
787 2187 927 2251 minuere
955 2201 1047 2250 tuam.
1099 2187 1177 2267 Quis
1201 2207 1280 2270 ergo

274 2303 376 2356 tantus
389 2293 422 2354 in
433 2295 494 2358 hoe
507 2293 639 2373 imperio
653 2292 745 2366 vivit,
765 2289 871 2362 etiam,
891 2287 946 2370 qui
957 2287 1031 2350 nihil
1041 2289 1100 2349 tale
1113 2285 1282 2363 admiserit,

275 2411 370 2474 (prem
394 2401 429 2452 tu
456 2390 575 2470 jactura
602 2389 838 2455 existimationis
861 2399 920 2450 tue
946 2388 1023 2449 velis
1049 2389 1087 2450 ab
1110 2385 1281 2449 imminenti

274 2491 376 2572 aliqua
399 2490 486 2552 stade
508 2499 561 2550 eut
577 2488 717 2570 pernicie
737 2487 915 2551 servatum?
946 2488 1041 2566 Quod
1058 2507 1130 2548 oum
1151 2485 1279 2549 omnino

274 2589 302 2652 si
317 2588 365 2650 sio
378 2589 483 2664 eadat,
502 2588 656 2651 iaotttnrm
675 2600 706 2650 te
724 2607 837 2670 neges,
858 2586 936 2668 quid
953 2586 987 2646 in
1002 2588 1062 2648 hoc
1077 2586 1173 2648 sanies
1188 2585 1278 2647 tantis

273 2687 398 2771 probris
433 2688 663 2764 contaminato,
701 2689 792 2750 tantis
823 2709 842 2748 a
874 2687 991 2747 Natura
1025 2685 1279 2765 perversitatibus

271 2787 409 2864 imbuto,
429 2786 519 2869 eujus
533 2790 563 2866 e)
577 2799 695 2852 tentum
710 2800 756 2850 est
776 2789 892 2859 scelus,
915 2796 1040 2868 tamque
1058 2784 1279 2869 penrioiosum,

272 2911 291 2950 a
317 2907 383 2972 qao
408 2900 469 2952 tam
497 2888 643 2968 pestilens
674 2890 851 2968 exemplum
876 2886 1002 2948 manat?
1049 2888 1122 2967 Quo
1152 2885 1278 2948 habebis

271 2987 368 3050 loeo?
403 2990 469 3050 Aut
493 3007 558 3049 non
584 2987 617 3050 in
639 3007 759 3050 summo
780 2985 872 3066 hujus
895 2984 1079 3048 maleficium
1105 2984 1277 3045 consistere

270 3088 443 3170 putandum
459 3097 520 3154 est,
552 3086 723 3168 Nempeut
740 3085 887 3149 atrociori
905 3083 1018 3146 delicto
1036 3105 1101 3146 non
1121 3083 1161 3146 sit
1176 3085 1278 3160 tosus,

272 3205 380 3248 omnes
401 3186 451 3250 hio
472 3183 660 3268 antiquitatis
681 3173 936 3250 notas'exeessit.
972 3185 1086 3268 Neque
1111 3195 1201 3246 vetus
1224 3183 1278 3246 aii·

271 3287 360 3370 quod
388 3285 539 3370 flagitium
564 3285 676 3349 imitari
709 3309 743 3350 se
771 3286 899 3370 dignum
928 3284 1035 3360 duxit,
1064 3303 1184 3346 novum
1210 3284 1279 3364 ipse

267 3386 397 3449 invenit.
437 3386 661 3463 atrocissimo,
687 3407 746 3451 neo
767 3403 831 3452 nno
859 3386 966 3448 mortis
983 3405 1101 3467 genere
1120 3381 1278 3446 interemit

268 3506 359 3562 eum,
387 3487 443 3571 qui
461 3507 533 3550 oum
553 3488 612 3552 sibi
638 3487 708 3549 vite
730 3507 767 3550 ae
789 3486 963 3550 officiorum
985 3485 1123 3548 omnium
1144 3482 1276 3547 societas

266 3585 346 3662 tuin
378 3609 472 3671 quem
498 3587 641 3665 eorporis
670 3585 720 3646 sui
746 3588 926 3661 custodem,
957 3585 1099 3649 laborum
1126 3581 1274 3660 omnium,

267 3699 301 3748 ot
315 3687 362 3764 ii)
378 3707 523 3751 curarum
541 3684 723 3766 participem
741 3685 864 3761 hebuit,
895 3691 991 3769 quern
1012 3687 1045 3750 in
1064 3679 1191 3747 sur'nnris
1209 3684 1274 3746 suis

264 3787 411 3868 periculis
424 3784 643 3860 fortissimum,
656 3783 933 3872 fidelissimumque
949 3795 1157 3884 cognoveram
1178 3783 1274 3868 idque

270 3927 463 3946 Δ-ιῌ

301 4013 331 4084 ⁴)
349 4026 419 4076 cinus
427 4055 436 4084 ,
457 4021 536 4078 cotos.
572 4011 617 4083 ⁴⁸)
634 4027 674 4088 st,
693 4031 727 4080 se
