<?xml version="1.0" encoding="UTF-8"?>
<!DOCTYPE html PUBLIC "-//W3C//DTD XHTML 1.0 Transitional//EN"
    "http://www.w3.org/TR/xhtml1/DTD/xhtml1-transitional.dtd">
<html xmlns="http://www.w3.org/1999/xhtml" xml:lang="en" lang="en">
 <head>
  <title>
</title>
<meta http-equiv="Content-Type" content="text/html;charset=utf-8" />
  <meta name='ocr-system' content='tesseract 3.04.00' />
  <meta name='ocr-capabilities' content='ocr_page ocr_carea ocr_par ocr_line ocrx_word'/>
</head>
<body>
  <div class='ocr_page' id='page_1' title='image "./ulrichiabhutten03mngoog_0085.png"; bbox 0 0 2822 4724; ppageno 0'>
   <div class='ocr_carea' id='block_1_1' title="bbox 233 387 986 536">
    <p class='ocr_par' dir='ltr' id='par_1_1' title="bbox 233 387 986 536">
     <span class='ocr_line' id='line_1_1' title="bbox 233 387 986 536; baseline -0.021 -13"><span class='ocrx_word' id='word_1_1' title='bbox 233 453 277 525; x_wconf 78' lang='lat'>72</span> <span class='ocrx_word' id='word_1_2' title='bbox 468 441 511 515; x_wconf 90' lang='lat' dir='ltr'>In</span> <span class='ocrx_word' id='word_1_3' title='bbox 535 387 718 513; x_wconf 83' lang='lat' dir='ltr'>Ulriclruiu</span> <span class='ocrx_word' id='word_1_4' title='bbox 739 433 986 536; x_wconf 81' lang='lat' dir='ltr'>Wrrtenberg.</span> 
     </span>
    </p>
   </div>
   <div class='ocr_carea' id='block_1_2' title="bbox 232 625 1284 1111">
    <p class='ocr_par' dir='ltr' id='par_1_2' title="bbox 232 625 1284 1111">
     <span class='ocr_line' id='line_1_2' title="bbox 232 625 1233 720; baseline -0.011 -20"><span class='ocrx_word' id='word_1_5' title='bbox 232 637 331 711; x_wconf 89' lang='lat' dir='ltr'>subit,</span> <span class='ocrx_word' id='word_1_6' title='bbox 359 637 448 720; x_wconf 84' lang='lat' dir='ltr'>quod</span> <span class='ocrx_word' id='word_1_7' title='bbox 467 633 522 718; x_wconf 88' lang='lat' dir='ltr'>qui</span> <span class='ocrx_word' id='word_1_8' title='bbox 541 631 721 714; x_wconf 77' lang='lat' dir='ltr'>proditione</span> <span class='ocrx_word' id='word_1_9' title='bbox 741 639 889 703; x_wconf 88' lang='lat' dir='ltr'>utuntur,</span> <span class='ocrx_word' id='word_1_10' title='bbox 915 647 972 707; x_wconf 84' lang='lat' dir='ltr'>per</span> <span class='ocrx_word' id='word_1_11' title='bbox 990 625 1067 690; x_wconf 79' lang='lat' dir='ltr'>ulios</span> <span class='ocrx_word' id='word_1_12' title='bbox 1083 647 1150 689; x_wconf 78' lang='lat' dir='ltr'>eam</span> <span class='ocrx_word' id='word_1_13' title='bbox 1173 626 1233 689; x_wconf 88' lang='lat' dir='ltr'>sibi</span> 
     </span>
     <span class='ocr_line' id='line_1_3' title="bbox 234 727 1233 818; baseline -0.012 -18"><span class='ocrx_word' id='word_1_14' title='bbox 234 748 424 818; x_wconf 73' lang='lat' dir='ltr'>comparant.</span> <span class='ocrx_word' id='word_1_15' title='bbox 480 734 541 796; x_wconf 85' lang='lat' dir='ltr'>llic</span> <span class='ocrx_word' id='word_1_16' title='bbox 566 731 625 796; x_wconf 83' lang='lat' dir='ltr'>sibi</span> <span class='ocrx_word' id='word_1_17' title='bbox 651 731 736 793; x_wconf 87' lang='lat' dir='ltr'>illum</span> <span class='ocrx_word' id='word_1_18' title='bbox 758 727 895 808; x_wconf 81' lang='lat' dir='ltr'>prodidit</span> <span class='ocrx_word' id='word_1_19' title='bbox 919 728 1004 809; x_wconf 85' lang='lat' dir='ltr'>ipse,</span> <span class='ocrx_word' id='word_1_20' title='bbox 1044 747 1150 810; x_wconf 83' lang='lat' dir='ltr'>neque</span> <span class='ocrx_word' id='word_1_21' title='bbox 1173 729 1233 788; x_wconf 91' lang='lat' dir='ltr'>boc</span> 
     </span>
     <span class='ocr_line' id='line_1_4' title="bbox 233 829 1284 918; baseline -0.01 -19"><span class='ocrx_word' id='word_1_22' title='bbox 233 837 324 918; x_wconf 88' lang='lat' dir='ltr'>pensi</span> <span class='ocrx_word' id='word_1_23' title='bbox 341 835 448 900; x_wconf 74' lang='lat' dir='ltr'>habuit</span> <span class='ocrx_word' id='word_1_24' title='bbox 465 835 630 906; x_wconf 88' lang='lat' dir='ltr'>scelestus,</span> <span class='ocrx_word' id='word_1_25' title='bbox 656 831 744 913; x_wconf 84' lang='lat' dir='ltr'>quod</span> <span class='ocrx_word' id='word_1_26' title='bbox 760 831 865 892; x_wconf 81' lang='lat' dir='ltr'>(licere</span> <span class='ocrx_word' id='word_1_27' title='bbox 883 829 992 891; x_wconf 89' lang='lat' dir='ltr'>solitus</span> <span class='ocrx_word' id='word_1_28' title='bbox 1011 839 1059 891; x_wconf 85' lang='lat' dir='ltr'>est</span> <span class='ocrx_word' id='word_1_29' title='bbox 1076 830 1235 891; x_wconf 79' lang='lat' dir='ltr'>Romanus</span> <span class='ocrx_word' id='word_1_30' title='bbox 1281 837 1284 842; x_wconf 74' lang='grc'>“</span> 
     </span>
     <span class='ocr_line' id='line_1_5' title="bbox 235 927 1236 1022; baseline -0.012 -21"><span class='ocrx_word' id='word_1_31' title='bbox 235 939 362 1022; x_wconf 77' lang='lat' dir='ltr'>quidam</span> <span class='ocrx_word' id='word_1_32' title='bbox 390 937 561 1016; x_wconf 83' lang='lat' dir='ltr'>lmperutor</span> <span class='ocrx_word' id='word_1_33' title='bbox 576 933 606 1008; x_wconf 37' lang='grc' dir='ltr'>ξ’)</span> <span class='ocrx_word' id='word_1_34' title='bbox 629 931 838 1012; x_wconf 84' lang='lat' dir='ltr'>proditionem</span> <span class='ocrx_word' id='word_1_35' title='bbox 857 949 958 993; x_wconf 76' lang='lat' dir='ltr'>amare</span> <span class='ocrx_word' id='word_1_36' title='bbox 974 948 1025 1003; x_wconf 86' lang='lat' dir='ltr'>se,</span> <span class='ocrx_word' id='word_1_37' title='bbox 1056 927 1236 1008; x_wconf 71' lang='lat' dir='ltr'>proditores</span> 
     </span>
     <span class='ocr_line' id='line_1_6' title="bbox 235 1029 1238 1111; baseline -0.01 -11"><span class='ocrx_word' id='word_1_38' title='bbox 235 1059 314 1100; x_wconf 82' lang='lat' dir='ltr'>vero</span> <span class='ocrx_word' id='word_1_39' title='bbox 335 1056 400 1098; x_wconf 90' lang='lat' dir='ltr'>nou</span> <span class='ocrx_word' id='word_1_40' title='bbox 429 1035 565 1096; x_wconf 69' lang='lat' dir='ltr'>laudare.</span> <span class='ocrx_word' id='word_1_41' title='bbox 603 1032 664 1095; x_wconf 86' lang='lat' dir='ltr'>Hic</span> <span class='ocrx_word' id='word_1_42' title='bbox 682 1034 779 1096; x_wconf 78' lang='lat' dir='ltr'>melus</span> <span class='ocrx_word' id='word_1_43' title='bbox 800 1049 868 1092; x_wconf 84' lang='lat' dir='ltr'>esse</span> <span class='ocrx_word' id='word_1_44' title='bbox 888 1031 1004 1092; x_wconf 76' lang='lat' dir='ltr'>mavult</span> <span class='ocrx_word' id='word_1_45' title='bbox 1028 1029 1112 1111; x_wconf 89' lang='lat' dir='ltr'>ipsc,</span> <span class='ocrx_word' id='word_1_46' title='bbox 1144 1047 1238 1111; x_wconf 79' lang='lat' dir='ltr'>quam</span> 
     </span>
    </p>
   </div>
   <div class='ocr_carea' id='block_1_3' title="bbox 200 1123 1356 1216">
    <p class='ocr_par' dir='ltr' id='par_1_3' title="bbox 200 1123 1356 1216">
     <span class='ocr_line' id='line_1_7' title="bbox 200 1123 1356 1216; baseline -0.009 -15"><span class='ocrx_word' id='word_1_47' title='bbox 200 1137 322 1201; x_wconf 79' lang='lat' dir='ltr'>melis</span> <span class='ocrx_word' id='word_1_48' title='bbox 343 1134 390 1197; x_wconf 90' lang='lat' dir='ltr'>uti</span> <span class='ocrx_word' id='word_1_49' title='bbox 415 1133 490 1198; x_wconf 78' lang='lat' dir='ltr'>aliis.</span> <span class='ocrx_word' id='word_1_50' title='bbox 547 1133 657 1216; x_wconf 79' lang='lat' dir='ltr'>ltaque</span> <span class='ocrx_word' id='word_1_51' title='bbox 684 1133 738 1194; x_wconf 88' lang='lat' dir='ltr'>ubi</span> <span class='ocrx_word' id='word_1_52' title='bbox 761 1129 834 1193; x_wconf 77' lang='lat' dir='ltr'>sctis</span> <span class='ocrx_word' id='word_1_53' title='bbox 863 1129 904 1200; x_wconf 91' lang='lat' dir='ltr'>illi</span> <span class='ocrx_word' id='word_1_54' title='bbox 934 1130 1021 1192; x_wconf 89' lang='lat' dir='ltr'>bono</span> <span class='ocrx_word' id='word_1_55' title='bbox 1050 1148 1086 1191; x_wconf 82' lang='lat' dir='ltr'>sc</span> <span class='ocrx_word' id='word_1_56' title='bbox 1109 1127 1240 1209; x_wconf 74' lang='lat' dir='ltr'>simplici</span> <span class='ocrx_word' id='word_1_57' title='bbox 1351 1123 1356 1128; x_wconf 73' lang='grc'>’</span> 
     </span>
    </p>
   </div>
   <div class='ocr_carea' id='block_1_4' title="bbox 212 1227 1277 2110">
    <p class='ocr_par' dir='ltr' id='par_1_4' title="bbox 212 1227 1277 2110">
     <span class='ocr_line' id='line_1_8' title="bbox 235 1227 1237 1318; baseline -0.012 -20"><span class='ocrx_word' id='word_1_58' title='bbox 235 1234 440 1318; x_wconf 75' lang='lat' dir='ltr'>persuasisset</span> <span class='ocrx_word' id='word_1_59' title='bbox 463 1234 538 1296; x_wconf 80' lang='lat' dir='ltr'>fidoi</span> <span class='ocrx_word' id='word_1_60' title='bbox 570 1231 767 1312; x_wconf 86' lang='lat' dir='ltr'>opinionem,</span> <span class='ocrx_word' id='word_1_61' title='bbox 798 1229 921 1292; x_wconf 80' lang='lat' dir='ltr'>tundent</span> <span class='ocrx_word' id='word_1_62' title='bbox 943 1229 1043 1292; x_wconf 79' lang='lat' dir='ltr'>muttit</span> <span class='ocrx_word' id='word_1_63' title='bbox 1070 1247 1105 1291; x_wconf 83' lang='lat' dir='ltr'>se</span> <span class='ocrx_word' id='word_1_64' title='bbox 1129 1227 1237 1318; x_wconf 67' lang='lat' dir='ltr'>ermis,</span> 
     </span>
     <span class='ocr_line' id='line_1_9' title="bbox 235 1330 1236 1418; baseline -0.011 -20"><span class='ocrx_word' id='word_1_65' title='bbox 235 1355 341 1418; x_wconf 88' lang='lat' dir='ltr'>neque</span> <span class='ocrx_word' id='word_1_66' title='bbox 363 1335 409 1398; x_wconf 89' lang='lat' dir='ltr'>his</span> <span class='ocrx_word' id='word_1_67' title='bbox 437 1333 551 1417; x_wconf 84' lang='lat' dir='ltr'>quibus</span> <span class='ocrx_word' id='word_1_68' title='bbox 577 1343 647 1395; x_wconf 84' lang='lat' dir='ltr'>onte</span> <span class='ocrx_word' id='word_1_69' title='bbox 672 1331 766 1405; x_wconf 88' lang='lat' dir='ltr'>loeis,</span> <span class='ocrx_word' id='word_1_70' title='bbox 800 1349 905 1413; x_wconf 86' lang='lat' dir='ltr'>neque</span> <span class='ocrx_word' id='word_1_71' title='bbox 925 1349 983 1402; x_wconf 87' lang='lat' dir='ltr'>eo,</span> <span class='ocrx_word' id='word_1_72' title='bbox 1015 1347 1080 1411; x_wconf 88' lang='lat' dir='ltr'>quo</span> <span class='ocrx_word' id='word_1_73' title='bbox 1102 1330 1236 1402; x_wconf 88' lang='lat' dir='ltr'>soleret,</span> 
     </span>
     <span class='ocr_line' id='line_1_10' title="bbox 234 1427 1238 1510; baseline -0.01 -10"><span class='ocrx_word' id='word_1_74' title='bbox 234 1435 358 1510; x_wconf 75' lang='lat' dir='ltr'>habim,</span> <span class='ocrx_word' id='word_1_75' title='bbox 378 1447 410 1498; x_wconf 89' lang='lat' dir='ltr'>et</span> <span class='ocrx_word' id='word_1_76' title='bbox 430 1437 506 1496; x_wconf 81' lang='lat' dir='ltr'>clam</span> <span class='ocrx_word' id='word_1_77' title='bbox 519 1433 675 1499; x_wconf 87' lang='lat' dir='ltr'>omnibus.</span> <span class='ocrx_word' id='word_1_78' title='bbox 711 1433 888 1494; x_wconf 80' lang='lat' dir='ltr'>Exeuntem</span> <span class='ocrx_word' id='word_1_79' title='bbox 898 1427 1059 1490; x_wconf 79' lang='lat' dir='ltr'>comitatus</span> <span class='ocrx_word' id='word_1_80' title='bbox 1071 1438 1119 1491; x_wconf 89' lang='lat' dir='ltr'>est</span> <span class='ocrx_word' id='word_1_81' title='bbox 1131 1439 1238 1490; x_wconf 87' lang='lat' dir='ltr'>noster</span> 
     </span>
     <span class='ocr_line' id='line_1_11' title="bbox 234 1528 1277 1613; baseline -0.005 -14"><span class='ocrx_word' id='word_1_82' title='bbox 234 1537 300 1612; x_wconf 89' lang='lat' dir='ltr'>ille,</span> <span class='ocrx_word' id='word_1_83' title='bbox 321 1548 406 1598; x_wconf 90' lang='lat' dir='ltr'>totus</span> <span class='ocrx_word' id='word_1_84' title='bbox 425 1535 494 1596; x_wconf 88' lang='lat' dir='ltr'>sine</span> <span class='ocrx_word' id='word_1_85' title='bbox 511 1532 603 1596; x_wconf 78' lang='lat' dir='ltr'>usmis</span> <span class='ocrx_word' id='word_1_86' title='bbox 622 1531 837 1613; x_wconf 83' lang='lat' dir='ltr'>equestribus,</span> <span class='ocrx_word' id='word_1_87' title='bbox 856 1528 968 1609; x_wconf 85' lang='lat' dir='ltr'>pusillo</span> <span class='ocrx_word' id='word_1_88' title='bbox 982 1549 1090 1612; x_wconf 80' lang='lat' dir='ltr'>equo,</span> <span class='ocrx_word' id='word_1_89' title='bbox 1117 1543 1153 1591; x_wconf 86' lang='lat' dir='ltr'>ut</span> <span class='ocrx_word' id='word_1_90' title='bbox 1171 1549 1239 1591; x_wconf 86' lang='lat' dir='ltr'>nou</span> <span class='ocrx_word' id='word_1_91' title='bbox 1274 1589 1277 1594; x_wconf 89' lang='lat'>.</span> 
     </span>
     <span class='ocr_line' id='line_1_12' title="bbox 233 1628 1238 1719; baseline -0.01 -17"><span class='ocrx_word' id='word_1_92' title='bbox 233 1641 329 1719; x_wconf 81' lang='lat' dir='ltr'>longe</span> <span class='ocrx_word' id='word_1_93' title='bbox 343 1636 459 1708; x_wconf 83' lang='lat' dir='ltr'>ituuu,</span> <span class='ocrx_word' id='word_1_94' title='bbox 478 1645 513 1695; x_wconf 90' lang='lat' dir='ltr'>ut</span> <span class='ocrx_word' id='word_1_95' title='bbox 525 1631 616 1694; x_wconf 85' lang='lat' dir='ltr'>brevi</span> <span class='ocrx_word' id='word_1_96' title='bbox 627 1651 831 1703; x_wconf 81' lang='lat' dir='ltr'>reversurus,</span> <span class='ocrx_word' id='word_1_97' title='bbox 851 1628 972 1691; x_wconf 86' lang='lat' dir='ltr'>nescius</span> <span class='ocrx_word' id='word_1_98' title='bbox 982 1629 1078 1693; x_wconf 81' lang='lat' dir='ltr'>miser</span> <span class='ocrx_word' id='word_1_99' title='bbox 1093 1631 1132 1691; x_wconf 82' lang='lat' dir='ltr'>sd</span> <span class='ocrx_word' id='word_1_100' title='bbox 1145 1633 1238 1712; x_wconf 79' lang='lat' dir='ltr'>qutun</span> 
     </span>
     <span class='ocr_line' id='line_1_13' title="bbox 212 1724 1240 1818; baseline -0.01 -17"><span class='ocrx_word' id='word_1_101' title='bbox 212 1724 369 1818; x_wconf 53' lang='lat' dir='ltr'>§ludum</span> <span class='ocrx_word' id='word_1_102' title='bbox 402 1735 442 1797; x_wconf 79' lang='lat' dir='ltr'>ad</span> <span class='ocrx_word' id='word_1_103' title='bbox 460 1734 548 1817; x_wconf 86' lang='lat' dir='ltr'>quud</span> <span class='ocrx_word' id='word_1_104' title='bbox 565 1730 695 1794; x_wconf 84' lang='lat' dir='ltr'>exitium</span> <span class='ocrx_word' id='word_1_105' title='bbox 712 1732 896 1803; x_wconf 74' lang='lat' dir='ltr'>duceretur,</span> <span class='ocrx_word' id='word_1_106' title='bbox 931 1749 1025 1813; x_wconf 74' lang='lat' dir='ltr'>quam</span> <span class='ocrx_word' id='word_1_107' title='bbox 1046 1749 1112 1792; x_wconf 86' lang='lat' dir='ltr'>non</span> <span class='ocrx_word' id='word_1_108' title='bbox 1132 1751 1240 1792; x_wconf 85' lang='lat' dir='ltr'>rever-</span> 
     </span>
     <span class='ocr_line' id='line_1_14' title="bbox 235 1829 1241 1915; baseline -0.011 -10"><span class='ocrx_word' id='word_1_109' title='bbox 235 1859 327 1904; x_wconf 80' lang='lat' dir='ltr'>surus</span> <span class='ocrx_word' id='word_1_110' title='bbox 346 1837 386 1899; x_wconf 84' lang='lat' dir='ltr'>sd</span> <span class='ocrx_word' id='word_1_111' title='bbox 402 1838 487 1900; x_wconf 85' lang='lat' dir='ltr'>buno</span> <span class='ocrx_word' id='word_1_112' title='bbox 498 1834 641 1907; x_wconf 76' lang='lat' dir='ltr'>lrsmcm,</span> <span class='ocrx_word' id='word_1_113' title='bbox 662 1851 755 1915; x_wconf 83' lang='lat' dir='ltr'>quun</span> <span class='ocrx_word' id='word_1_114' title='bbox 767 1849 832 1894; x_wconf 91' lang='lat' dir='ltr'>nou</span> <span class='ocrx_word' id='word_1_115' title='bbox 847 1829 1008 1893; x_wconf 82' lang='lat' dir='ltr'>revisurus</span> <span class='ocrx_word' id='word_1_116' title='bbox 1025 1831 1109 1892; x_wconf 87' lang='lat' dir='ltr'>bunc</span> <span class='ocrx_word' id='word_1_117' title='bbox 1120 1842 1241 1910; x_wconf 77' lang='lat' dir='ltr'>putrem</span> 
     </span>
     <span class='ocr_line' id='line_1_15' title="bbox 235 1930 1242 2020; baseline -0.013 -18"><span class='ocrx_word' id='word_1_118' title='bbox 235 1940 355 2014; x_wconf 84' lang='lat' dir='ltr'>exiret,</span> <span class='ocrx_word' id='word_1_119' title='bbox 375 1938 464 2020; x_wconf 84' lang='lat' dir='ltr'>quod</span> <span class='ocrx_word' id='word_1_120' title='bbox 477 1935 536 1998; x_wconf 87' lang='lat' dir='ltr'>iste</span> <span class='ocrx_word' id='word_1_121' title='bbox 552 1935 675 2000; x_wconf 89' lang='lat' dir='ltr'>ultimus</span> <span class='ocrx_word' id='word_1_122' title='bbox 692 1931 751 1992; x_wconf 88' lang='lat' dir='ltr'>sibi</span> <span class='ocrx_word' id='word_1_123' title='bbox 765 1930 836 1992; x_wconf 76' lang='lat' dir='ltr'>vite</span> <span class='ocrx_word' id='word_1_124' title='bbox 854 1930 938 2005; x_wconf 86' lang='lat' dir='ltr'>dies,</span> <span class='ocrx_word' id='word_1_125' title='bbox 959 1930 1078 2011; x_wconf 80' lang='lat' dir='ltr'>primus</span> <span class='ocrx_word' id='word_1_126' title='bbox 1090 1931 1242 1992; x_wconf 82' lang='lat' dir='ltr'>mulorum</span> 
     </span>
     <span class='ocr_line' id='line_1_16' title="bbox 236 2029 1241 2110; baseline -0.014 -7"><span class='ocrx_word' id='word_1_127' title='bbox 236 2038 424 2104; x_wconf 86' lang='lat' dir='ltr'>constitutus</span> <span class='ocrx_word' id='word_1_128' title='bbox 441 2047 532 2100; x_wconf 83' lang='lat' dir='ltr'>esset.</span> <span class='ocrx_word' id='word_1_129' title='bbox 576 2030 771 2096; x_wconf 78' lang='lat' dir='ltr'>luter-turbor</span> <span class='ocrx_word' id='word_1_130' title='bbox 786 2029 945 2110; x_wconf 80' lang='lat' dir='ltr'>lucrymis,</span> <span class='ocrx_word' id='word_1_131' title='bbox 978 2029 1143 2103; x_wconf 75' lang='lat' dir='ltr'>Germani,</span> <span class='ocrx_word' id='word_1_132' title='bbox 1175 2049 1241 2110; x_wconf 86' lang='lat' dir='ltr'>quo</span> 
     </span>
    </p>
   </div>
   <div class='ocr_carea' id='block_1_5' title="bbox 102 2126 1240 2220">
    <p class='ocr_par' dir='ltr' id='par_1_5' title="bbox 102 2126 1240 2220">
     <span class='ocr_line' id='line_1_17' title="bbox 102 2126 1240 2220; baseline -0.018 -12"><span class='ocrx_word' id='word_1_133' title='bbox 102 2143 105 2152; x_wconf 77' lang='grc'>’</span> <span class='ocrx_word' id='word_1_134' title='bbox 231 2140 339 2218; x_wconf 75' lang='lat' dir='ltr'>¹utilius</span> <span class='ocrx_word' id='word_1_135' title='bbox 362 2149 435 2220; x_wconf 73' lang='lat' dir='ltr'>epte</span> <span class='ocrx_word' id='word_1_136' title='bbox 455 2135 577 2210; x_wconf 86' lang='lat' dir='ltr'>debis,</span> <span class='ocrx_word' id='word_1_137' title='bbox 598 2155 666 2216; x_wconf 79' lang='lat' dir='ltr'>qum</span> <span class='ocrx_word' id='word_1_138' title='bbox 683 2141 874 2214; x_wconf 79' lang='lat' dir='ltr'>sequuntur,</span> <span class='ocrx_word' id='word_1_139' title='bbox 902 2130 1035 2204; x_wconf 85' lang='lat' dir='ltr'>decore,</span> <span class='ocrx_word' id='word_1_140' title='bbox 1055 2139 1087 2194; x_wconf 79' lang='lat' dir='ltr'>et</span> <span class='ocrx_word' id='word_1_141' title='bbox 1101 2126 1240 2208; x_wconf 75' lang='lat' dir='ltr'>apposite</span> 
     </span>
    </p>
   </div>
   <div class='ocr_carea' id='block_1_6' title="bbox 187 2227 1247 3911">
    <p class='ocr_par' dir='ltr' id='par_1_6' title="bbox 187 2227 1247 3911">
     <span class='ocr_line' id='line_1_18' title="bbox 187 2227 1241 2317; baseline -0.013 -15"><span class='ocrx_word' id='word_1_142' title='bbox 187 2247 189 2255; x_wconf 90' lang='lat'>&#39;</span> <span class='ocrx_word' id='word_1_143' title='bbox 236 2239 347 2304; x_wconf 84' lang='lat' dir='ltr'>dicum.</span> <span class='ocrx_word' id='word_1_144' title='bbox 385 2235 470 2317; x_wconf 80' lang='lat' dir='ltr'>Quid</span> <span class='ocrx_word' id='word_1_145' title='bbox 487 2253 612 2315; x_wconf 82' lang='lat' dir='ltr'>possem</span> <span class='ocrx_word' id='word_1_146' title='bbox 630 2233 712 2295; x_wconf 86' lang='lat' dir='ltr'>enim</span> <span class='ocrx_word' id='word_1_147' title='bbox 728 2230 761 2291; x_wconf 90' lang='lat' dir='ltr'>in</span> <span class='ocrx_word' id='word_1_148' title='bbox 776 2249 810 2290; x_wconf 89' lang='lat' dir='ltr'>re</span> <span class='ocrx_word' id='word_1_149' title='bbox 825 2229 901 2290; x_wconf 80' lang='lat' dir='ltr'>toli?</span> <span class='ocrx_word' id='word_1_150' title='bbox 921 2232 1036 2310; x_wconf 77' lang='lat' dir='ltr'>Quuso</span> <span class='ocrx_word' id='word_1_151' title='bbox 1048 2227 1241 2309; x_wconf 79' lang='lat' dir='ltr'>nonenigitc</span> 
     </span>
     <span class='ocr_line' id='line_1_19' title="bbox 237 2325 1243 2420; baseline -0.013 -18"><span class='ocrx_word' id='word_1_152' title='bbox 237 2335 395 2420; x_wconf 73' lang='lat' dir='ltr'>diguitatis</span> <span class='ocrx_word' id='word_1_153' title='bbox 412 2334 565 2396; x_wconf 77' lang='lat' dir='ltr'>rationem</span> <span class='ocrx_word' id='word_1_154' title='bbox 581 2325 621 2390; x_wconf 83' lang='lat' dir='ltr'>eb</span> <span class='ocrx_word' id='word_1_155' title='bbox 637 2349 693 2400; x_wconf 86' lang='lat' dir='ltr'>eo,</span> <span class='ocrx_word' id='word_1_156' title='bbox 720 2327 775 2408; x_wconf 88' lang='lat' dir='ltr'>qui</span> <span class='ocrx_word' id='word_1_157' title='bbox 788 2349 845 2407; x_wconf 88' lang='lat' dir='ltr'>per·</span> <span class='ocrx_word' id='word_1_158' title='bbox 859 2327 1107 2410; x_wconf 71' lang='lat' dir='ltr'>magnitudinem</span> <span class='ocrx_word' id='word_1_159' title='bbox 1126 2327 1243 2391; x_wconf 83' lang='lat' dir='ltr'>doloris</span> 
     </span>
     <span class='ocr_line' id='line_1_20' title="bbox 237 2425 1241 2505; baseline -0.009 -4"><span class='ocrx_word' id='word_1_160' title='bbox 237 2437 298 2501; x_wconf 91' lang='lat' dir='ltr'>sibi</span> <span class='ocrx_word' id='word_1_161' title='bbox 314 2453 380 2496; x_wconf 91' lang='lat' dir='ltr'>nou</span> <span class='ocrx_word' id='word_1_162' title='bbox 399 2439 530 2492; x_wconf 80' lang='lat' dir='ltr'>constet.</span> <span class='ocrx_word' id='word_1_163' title='bbox 567 2426 629 2488; x_wconf 89' lang='lat' dir='ltr'>Ubi</span> <span class='ocrx_word' id='word_1_164' title='bbox 647 2436 735 2488; x_wconf 74' lang='lat' dir='ltr'>extra</span> <span class='ocrx_word' id='word_1_165' title='bbox 755 2425 865 2488; x_wconf 83' lang='lat' dir='ltr'>urbem</span> <span class='ocrx_word' id='word_1_166' title='bbox 886 2437 1016 2492; x_wconf 80' lang='lat' dir='ltr'>venbrm</span> <span class='ocrx_word' id='word_1_167' title='bbox 1033 2440 1096 2504; x_wconf 87' lang='lat' dir='ltr'>est,</span> <span class='ocrx_word' id='word_1_168' title='bbox 1116 2449 1241 2505; x_wconf 86' lang='lat' dir='ltr'>omues,</span> 
     </span>
     <span class='ocr_line' id='line_1_21' title="bbox 236 2523 1242 2614; baseline -0.005 -20"><span class='ocrx_word' id='word_1_169' title='bbox 236 2554 294 2614; x_wconf 87' lang='lat' dir='ltr'>per</span> <span class='ocrx_word' id='word_1_170' title='bbox 306 2549 388 2611; x_wconf 86' lang='lat' dir='ltr'>quos</span> <span class='ocrx_word' id='word_1_171' title='bbox 404 2546 470 2588; x_wconf 88' lang='lat' dir='ltr'>non</span> <span class='ocrx_word' id='word_1_172' title='bbox 488 2537 638 2588; x_wconf 76' lang='lat' dir='ltr'>staturum</span> <span class='ocrx_word' id='word_1_173' title='bbox 652 2523 714 2588; x_wconf 76' lang='lat' dir='ltr'>boc</span> <span class='ocrx_word' id='word_1_174' title='bbox 725 2525 812 2588; x_wconf 81' lang='lat' dir='ltr'>nefas</span> <span class='ocrx_word' id='word_1_175' title='bbox 825 2525 971 2606; x_wconf 71' lang='lat' dir='ltr'>putitiu,</span> <span class='ocrx_word' id='word_1_176' title='bbox 991 2527 1031 2592; x_wconf 76' lang='lat' dir='ltr'>sb</span> <span class='ocrx_word' id='word_1_177' title='bbox 1045 2548 1080 2590; x_wconf 82' lang='lat' dir='ltr'>se</span> <span class='ocrx_word' id='word_1_178' title='bbox 1100 2529 1242 2604; x_wconf 86' lang='lat' dir='ltr'>dimittit,</span> 
     </span>
     <span class='ocr_line' id='line_1_22' title="bbox 237 2625 1243 2706; baseline -0.002 -12"><span class='ocrx_word' id='word_1_179' title='bbox 237 2626 418 2702; x_wconf 80' lang='lat' dir='ltr'>sliumslib,</span> <span class='ocrx_word' id='word_1_180' title='bbox 438 2629 497 2700; x_wconf 86' lang='lat' dir='ltr'>itn,</span> <span class='ocrx_word' id='word_1_181' title='bbox 517 2635 553 2687; x_wconf 93' lang='lat' dir='ltr'>ut</span> <span class='ocrx_word' id='word_1_182' title='bbox 564 2625 686 2688; x_wconf 81' lang='lat' dir='ltr'>undem</span> <span class='ocrx_word' id='word_1_183' title='bbox 697 2637 808 2706; x_wconf 72' lang='lat' dir='ltr'>prater</span> <span class='ocrx_word' id='word_1_184' title='bbox 820 2625 900 2688; x_wconf 76' lang='lat' dir='ltr'>illam</span> <span class='ocrx_word' id='word_1_185' title='bbox 914 2625 1052 2690; x_wconf 73' lang='grc' dir='ltr'>ῐυίιιιιω</span> <span class='ocrx_word' id='word_1_186' title='bbox 1072 2628 1243 2704; x_wconf 78' lang='lat' dir='ltr'>victimam,</span> 
     </span>
     <span class='ocr_line' id='line_1_23' title="bbox 236 2723 1245 2806; baseline -0.004 -13"><span class='ocrx_word' id='word_1_187' title='bbox 236 2741 269 2793; x_wconf 83' lang='lat' dir='ltr'>st</span> <span class='ocrx_word' id='word_1_188' title='bbox 296 2747 395 2797; x_wconf 71' lang='lat' dir='ltr'>uuum</span> <span class='ocrx_word' id='word_1_189' title='bbox 415 2749 455 2790; x_wconf 86' lang='lat' dir='ltr'>cx</span> <span class='ocrx_word' id='word_1_190' title='bbox 481 2725 602 2790; x_wconf 75' lang='lat' dir='ltr'>lunum</span> <span class='ocrx_word' id='word_1_191' title='bbox 627 2726 707 2798; x_wconf 89' lang='lat' dir='ltr'>suis,</span> <span class='ocrx_word' id='word_1_192' title='bbox 739 2725 894 2788; x_wconf 86' lang='lat' dir='ltr'>neminem</span> <span class='ocrx_word' id='word_1_193' title='bbox 914 2723 1004 2806; x_wconf 75' lang='lat' dir='ltr'>juxto</span> <span class='ocrx_word' id='word_1_194' title='bbox 1027 2749 1064 2790; x_wconf 84' lang='lat' dir='ltr'>se</span> <span class='ocrx_word' id='word_1_195' title='bbox 1090 2728 1245 2790; x_wconf 78' lang='lat' dir='ltr'>babuerit.</span> 
     </span>
     <span class='ocr_line' id='line_1_24' title="bbox 237 2814 1244 2908; baseline -0.008 -13"><span class='ocrx_word' id='word_1_196' title='bbox 237 2831 286 2895; x_wconf 90' lang='lat' dir='ltr'>lbi</span> <span class='ocrx_word' id='word_1_197' title='bbox 304 2839 378 2894; x_wconf 85' lang='lat' dir='ltr'>toto</span> <span class='ocrx_word' id='word_1_198' title='bbox 394 2847 503 2908; x_wconf 79' lang='lat' dir='ltr'>campo</span> <span class='ocrx_word' id='word_1_199' title='bbox 522 2814 646 2888; x_wconf 72' lang='lat' dir='ltr'>inocrti&#39;s</span> <span class='ocrx_word' id='word_1_200' title='bbox 665 2824 828 2888; x_wconf 82' lang='lat' dir='ltr'>itineribus</span> <span class='ocrx_word' id='word_1_201' title='bbox 845 2825 994 2890; x_wconf 72' lang='lat' dir='ltr'>oberrare</span> <span class='ocrx_word' id='word_1_202' title='bbox 1010 2827 1120 2908; x_wconf 80' lang='lat' dir='ltr'>empit,</span> <span class='ocrx_word' id='word_1_203' title='bbox 1146 2827 1244 2890; x_wconf 89' lang='lat' dir='ltr'>modo</span> 
     </span>
     <span class='ocr_line' id='line_1_25' title="bbox 236 2923 1244 3007; baseline -0.006 -14"><span class='ocrx_word' id='word_1_204' title='bbox 236 2930 381 3002; x_wconf 73' lang='lat' dir='ltr'>iuliane,</span> <span class='ocrx_word' id='word_1_205' title='bbox 408 2927 504 2988; x_wconf 87' lang='lat' dir='ltr'>modo</span> <span class='ocrx_word' id='word_1_206' title='bbox 525 2923 655 2987; x_wconf 81' lang='lat' dir='ltr'>inillam</span> <span class='ocrx_word' id='word_1_207' title='bbox 678 2925 760 2988; x_wconf 82' lang='lat' dir='ltr'>vium</span> <span class='ocrx_word' id='word_1_208' title='bbox 777 2925 951 3000; x_wconf 69' lang='lat' dir='ltr'>declinans,</span> <span class='ocrx_word' id='word_1_209' title='bbox 983 2927 1125 3007; x_wconf 86' lang='lat' dir='ltr'>undiquc</span> <span class='ocrx_word' id='word_1_210' title='bbox 1142 2925 1244 2987; x_wconf 79' lang='lat' dir='ltr'>sarni·</span> 
     </span>
     <span class='ocr_line' id='line_1_26' title="bbox 237 3022 1244 3106; baseline -0.004 -12"><span class='ocrx_word' id='word_1_211' title='bbox 237 3029 337 3094; x_wconf 76' lang='lat' dir='ltr'>lisine</span> <span class='ocrx_word' id='word_1_212' title='bbox 349 3029 455 3088; x_wconf 87' lang='lat' dir='ltr'>lucum</span> <span class='ocrx_word' id='word_1_213' title='bbox 465 3022 677 3106; x_wconf 86' lang='lat' dir='ltr'>prospiciens,</span> <span class='ocrx_word' id='word_1_214' title='bbox 696 3024 771 3086; x_wconf 80' lang='lat' dir='ltr'>nibil</span> <span class='ocrx_word' id='word_1_215' title='bbox 782 3024 854 3087; x_wconf 84' lang='lat' dir='ltr'>sstis</span> <span class='ocrx_word' id='word_1_216' title='bbox 863 3026 973 3089; x_wconf 81' lang='lat' dir='ltr'>videns</span> <span class='ocrx_word' id='word_1_217' title='bbox 984 3070 994 3100; x_wconf 94' lang='lat'>,</span> <span class='ocrx_word' id='word_1_218' title='bbox 1007 3026 1110 3088; x_wconf 80' lang='lat' dir='ltr'>omnis</span> <span class='ocrx_word' id='word_1_219' title='bbox 1121 3028 1244 3090; x_wconf 81' lang='lat' dir='ltr'>timens.</span> 
     </span>
     <span class='ocr_line' id='line_1_27' title="bbox 237 3121 1244 3207; baseline -0.002 -17"><span class='ocrx_word' id='word_1_220' title='bbox 237 3127 281 3190; x_wconf 84' lang='lat' dir='ltr'>Ut</span> <span class='ocrx_word' id='word_1_221' title='bbox 310 3125 393 3188; x_wconf 85' lang='lat' dir='ltr'>enim</span> <span class='ocrx_word' id='word_1_222' title='bbox 420 3123 615 3207; x_wconf 79' lang='lat' dir='ltr'>eogrroseuis</span> <span class='ocrx_word' id='word_1_223' title='bbox 644 3121 733 3203; x_wconf 75' lang='lat' dir='ltr'>juxta</span> <span class='ocrx_word' id='word_1_224' title='bbox 756 3125 878 3191; x_wconf 75' lang='lat' dir='ltr'>insitam</span> <span class='ocrx_word' id='word_1_225' title='bbox 906 3125 1050 3190; x_wconf 79' lang='lat' dir='ltr'>malitium</span> <span class='ocrx_word' id='word_1_226' title='bbox 1069 3127 1145 3192; x_wconf 85' lang='lat' dir='ltr'>nihil</span> <span class='ocrx_word' id='word_1_227' title='bbox 1174 3145 1244 3191; x_wconf 82' lang='lat' dir='ltr'>esse</span> 
     </span>
     <span class='ocr_line' id='line_1_28' title="bbox 237 3223 1246 3303; baseline -0.001 -13"><span class='ocrx_word' id='word_1_228' title='bbox 237 3228 299 3290; x_wconf 88' lang='lat' dir='ltr'>boc</span> <span class='ocrx_word' id='word_1_229' title='bbox 319 3223 548 3299; x_wconf 78' lang='lat' dir='ltr'>meticulosius,</span> <span class='ocrx_word' id='word_1_230' title='bbox 573 3223 648 3287; x_wconf 90' lang='lat' dir='ltr'>uibil</span> <span class='ocrx_word' id='word_1_231' title='bbox 667 3223 821 3299; x_wconf 86' lang='lat' dir='ltr'>timidius,</span> <span class='ocrx_word' id='word_1_232' title='bbox 855 3227 931 3290; x_wconf 88' lang='lat' dir='ltr'>nibil</span> <span class='ocrx_word' id='word_1_233' title='bbox 947 3227 1144 3303; x_wconf 86' lang='lat' dir='ltr'>imbecillius,</span> <span class='ocrx_word' id='word_1_234' title='bbox 1178 3247 1246 3292; x_wconf 86' lang='lat' dir='ltr'>uon</span> 
     </span>
     <span class='ocr_line' id='line_1_29' title="bbox 238 3323 1245 3407; baseline -0.004 -17"><span class='ocrx_word' id='word_1_235' title='bbox 238 3326 298 3390; x_wconf 91' lang='lat' dir='ltr'>sibi</span> <span class='ocrx_word' id='word_1_236' title='bbox 321 3325 360 3388; x_wconf 76' lang='lat' dir='ltr'>sd</span> <span class='ocrx_word' id='word_1_237' title='bbox 385 3323 616 3388; x_wconf 80' lang='lat' dir='ltr'>conficiendum</span> <span class='ocrx_word' id='word_1_238' title='bbox 637 3325 801 3407; x_wconf 87' lang='lat' dir='ltr'>negotium</span> <span class='ocrx_word' id='word_1_239' title='bbox 818 3326 960 3389; x_wconf 78' lang='lat' dir='ltr'>sufficere</span> <span class='ocrx_word' id='word_1_240' title='bbox 976 3327 1157 3402; x_wconf 76' lang='lat' dir='ltr'>videbatur,</span> <span class='ocrx_word' id='word_1_241' title='bbox 1184 3326 1245 3388; x_wconf 86' lang='lat' dir='ltr'>nisi</span> 
     </span>
     <span class='ocr_line' id='line_1_30' title="bbox 240 3425 1245 3512; baseline 0 -26"><span class='ocrx_word' id='word_1_242' title='bbox 240 3425 280 3488; x_wconf 85' lang='lat' dir='ltr'>sd</span> <span class='ocrx_word' id='word_1_243' title='bbox 304 3443 374 3500; x_wconf 82' lang='lat' dir='ltr'>css,</span> <span class='ocrx_word' id='word_1_244' title='bbox 409 3445 486 3508; x_wconf 84' lang='lat' dir='ltr'>qtrus</span> <span class='ocrx_word' id='word_1_245' title='bbox 513 3437 584 3488; x_wconf 82' lang='lat' dir='ltr'>ente</span> <span class='ocrx_word' id='word_1_246' title='bbox 612 3437 860 3506; x_wconf 68' lang='lat' dir='ltr'>comparaverat,</span> <span class='ocrx_word' id='word_1_247' title='bbox 900 3445 997 3507; x_wconf 90' lang='lat' dir='ltr'>opes,</span> <span class='ocrx_word' id='word_1_248' title='bbox 1025 3428 1088 3491; x_wconf 84' lang='lat' dir='ltr'>loci</span> <span class='ocrx_word' id='word_1_249' title='bbox 1115 3445 1245 3512; x_wconf 80' lang='lat' dir='ltr'>quorpre</span> 
     </span>
     <span class='ocr_line' id='line_1_31' title="bbox 240 3525 1246 3612; baseline 0.003 -24"><span class='ocrx_word' id='word_1_250' title='bbox 240 3525 716 3611; x_wconf 76' lang='lat' dir='ltr'>opportunitatem-exquireret.</span> <span class='ocrx_word' id='word_1_251' title='bbox 767 3529 873 3608; x_wconf 73' lang='lat' dir='ltr'>Quare</span> <span class='ocrx_word' id='word_1_252' title='bbox 897 3528 988 3590; x_wconf 83' lang='lat' dir='ltr'>etiam</span> <span class='ocrx_word' id='word_1_253' title='bbox 1013 3529 1134 3612; x_wconf 85' lang='lat' dir='ltr'>nequid</span> <span class='ocrx_word' id='word_1_254' title='bbox 1155 3546 1246 3591; x_wconf 83' lang='lat' dir='ltr'>secut</span> 
     </span>
     <span class='ocr_line' id='line_1_32' title="bbox 239 3625 1247 3707; baseline 0.001 -20"><span class='ocrx_word' id='word_1_255' title='bbox 239 3646 275 3688; x_wconf 84' lang='lat' dir='ltr'>so</span> <span class='ocrx_word' id='word_1_256' title='bbox 294 3626 468 3690; x_wconf 85' lang='lat' dir='ltr'>institutum</span> <span class='ocrx_word' id='word_1_257' title='bbox 488 3637 570 3701; x_wconf 83' lang='lat' dir='ltr'>eret,</span> <span class='ocrx_word' id='word_1_258' title='bbox 589 3627 737 3699; x_wconf 77' lang='lat' dir='ltr'>cuderet,</span> <span class='ocrx_word' id='word_1_259' title='bbox 756 3625 847 3707; x_wconf 87' lang='lat' dir='ltr'>jussit</span> <span class='ocrx_word' id='word_1_260' title='bbox 867 3628 1058 3690; x_wconf 83' lang='lat' dir='ltr'>descendere</span> <span class='ocrx_word' id='word_1_261' title='bbox 1076 3627 1247 3697; x_wconf 76' lang='lat' dir='ltr'>famulum,</span> 
     </span>
     <span class='ocr_line' id='line_1_33' title="bbox 239 3726 1246 3809; baseline 0.004 -22"><span class='ocrx_word' id='word_1_262' title='bbox 239 3736 271 3787; x_wconf 89' lang='lat' dir='ltr'>et</span> <span class='ocrx_word' id='word_1_263' title='bbox 286 3728 401 3791; x_wconf 81' lang='lat' dir='ltr'>mutius</span> <span class='ocrx_word' id='word_1_264' title='bbox 418 3728 479 3790; x_wconf 90' lang='lat' dir='ltr'>sibi</span> <span class='ocrx_word' id='word_1_265' title='bbox 498 3747 617 3808; x_wconf 87' lang='lat' dir='ltr'>equum</span> <span class='ocrx_word' id='word_1_266' title='bbox 632 3726 833 3809; x_wconf 83' lang='lat' dir='ltr'>succingere,</span> <span class='ocrx_word' id='word_1_267' title='bbox 863 3727 986 3792; x_wconf 87' lang='lat' dir='ltr'>munire</span> <span class='ocrx_word' id='word_1_268' title='bbox 1005 3726 1152 3801; x_wconf 61' lang='lat' dir='ltr'>dende,</span> <span class='ocrx_word' id='word_1_269' title='bbox 1179 3727 1246 3792; x_wconf 82' lang='lat' dir='ltr'>tor-</span> 
     </span>
     <span class='ocr_line' id='line_1_34' title="bbox 238 3825 1246 3911; baseline 0.004 -23"><span class='ocrx_word' id='word_1_270' title='bbox 238 3827 482 3903; x_wconf 77' lang='lat' dir='ltr'>monesterium,</span> <span class='ocrx_word' id='word_1_271' title='bbox 512 3825 698 3908; x_wconf 85' lang='lat' dir='ltr'>prudentius</span> <span class='ocrx_word' id='word_1_272' title='bbox 721 3829 859 3911; x_wconf 79' lang='lat' dir='ltr'>lupatum</span> <span class='ocrx_word' id='word_1_273' title='bbox 886 3829 1014 3903; x_wconf 84' lang='lat' dir='ltr'>indere,</span> <span class='ocrx_word' id='word_1_274' title='bbox 1044 3827 1098 3890; x_wconf 89' lang='lat' dir='ltr'>ubi</span> <span class='ocrx_word' id='word_1_275' title='bbox 1117 3847 1246 3892; x_wconf 83' lang='lat' dir='ltr'>securus</span> 
     </span>
    </p>
   </div>
   <div class='ocr_carea' id='block_1_7' title="bbox 242 3971 435 3990">
    <p class='ocr_par' dir='ltr' id='par_1_7' title="bbox 242 3971 435 3990">
     <span class='ocr_line' id='line_1_35' title="bbox 242 3971 435 3990; baseline -0.01 -1"><span class='ocrx_word' id='word_1_276' title='bbox 242 3971 435 3990; x_wconf 55' lang='lat' dir='ltr'>m</span> 
     </span>
    </p>
   </div>
   <div class='ocr_carea' id='block_1_8' title="bbox 274 4053 973 4127">
    <p class='ocr_par' dir='ltr' id='par_1_8' title="bbox 274 4053 973 4127">
     <span class='ocr_line' id='line_1_36' title="bbox 274 4053 973 4127; baseline 0.003 -15"><span class='ocrx_word' id='word_1_277' title='bbox 274 4053 298 4112; x_wconf 75' lang='lat' dir='ltr'>⁸l</span> <span class='ocrx_word' id='word_1_278' title='bbox 317 4067 442 4114; x_wconf 79' lang='lat' dir='ltr'>Romanus</span> <span class='ocrx_word' id='word_1_279' title='bbox 459 4060 558 4124; x_wconf 67' lang='lat' dir='ltr'>pulsam</span> <span class='ocrx_word' id='word_1_280' title='bbox 576 4069 717 4124; x_wconf 77' lang='lat' dir='ltr'>Imperator</span> <span class='ocrx_word' id='word_1_281' title='bbox 727 4101 735 4127; x_wconf 91' lang='lat'><strong><em>‚</em></strong></span> <span class='ocrx_word' id='word_1_282' title='bbox 753 4069 871 4126; x_wconf 65' lang='lat' dir='ltr'>trusus</span> <span class='ocrx_word' id='word_1_283' title='bbox 890 4069 973 4116; x_wconf 69' lang='lat' dir='ltr'>catat.</span> 
     </span>
    </p>
   </div>
   <div class='ocr_carea' id='block_1_9' title="bbox 0 0 1433 4724">
    <p class='ocr_par' dir='ltr' id='par_1_9' title="bbox 0 0 1433 4724">
     <span class='ocr_line' id='line_1_37' title="bbox 0 0 1433 4724; baseline 0 0"><span class='ocrx_word' id='word_1_284' title='bbox 0 0 1433 4724; x_wconf 95' lang='lat' dir='ltr'> </span> 
     </span>
    </p>
   </div>
  </div>
 </body>
</html>
