2624 5108
193 872 262 946 310
527 867 568 938 Β.
592 864 859 941 Pirkhcitnerus

192 1059 488 1143 apersequcntibus
510 1069 594 1121 tutus
614 1056 734 1120 fuisset.
783 1056 846 1122 Sed
869 1059 976 1135 Deus,
1013 1056 1067 1143 qui
1091 1064 1203 1142 procul

192 1161 311 1235 dubio,
344 1160 534 1240 inpartibus
559 1158 637 1236 tuit,
668 1157 836 1240 virumque
856 1158 1057 1221 innocentem
1076 1182 1117 1222 cx
1145 1183 1202 1223 oro

191 1263 338 1324 Leonum
359 1272 390 1321 et
409 1262 590 1323 Draconum
610 1257 743 1339 eripuit,
763 1258 815 1320 itte
834 1257 894 1321 sibi
914 1257 1082 1321 vindictum
1100 1281 1204 1324 rescr-

190 1360 292 1429 v'avit,
312 1378 405 1442 quarn
419 1378 478 1431 suo
495 1370 637 1438 tempore
649 1357 777 1441 grovim
790 1356 978 1421 fulminaret.
1016 1358 1094 1421 Ideo
1110 1358 1202 1423 etiam

189 1462 256 1525 sine
290 1458 574 1523 Reuetuinisumm
609 1456 748 1521 tu'ndicta
773 1457 871 1538 'impii
905 1458 1063 1541 peribunt.
1115 1461 1205 1522 Bene
1294 1470 1298 1477 ’

190 1561 287 1643 igitur
309 1580 481 1640 speremus.
529 1567 689 1623 Erosnms
711 1559 892 1639 Antverpiae
917 1569 975 1620 est.
1013 1559 1120 1620 Edidit
1139 1557 1203 1639 jam

189 1661 410 1722 commentario
430 1679 526 1739 super
554 1658 645 1720 Pauli
665 1656 839 1739 Epistulas,
870 1678 939 1740 quse
963 1679 1048 1720 nunc
1074 1658 1203 1720 Basileae

188 1760 419 1840 imprimuntur.
465 1760 609 1822 Donatus
629 1768 683 1820 est
698 1777 725 1818 tt
754 1766 876 1821 carolo
907 1778 984 1839 rege
1011 1757 1122 1840 pingui
1148 1762 1202 1836 (ut

187 1861 320 1934 vocam)
346 1859 514 1921 beneficio.
553 1859 676 1940 Magno
700 1857 805 1919 animo
827 1878 1014 1919 susurrones
1032 1857 1116 1933 idos,
1146 1860 1202 1941 qui

187 1961 333 2044 quotidie
354 1961 383 2021 ei
400 1958 573 2033 minantur,
590 1957 790 2032 contemnit,
818 1956 922 2020 immo.
934 1954 1067 2020 deridet.
1107 1956 1201 2020 Haud

185 2061 298 2130 credo,
338 2060 524 2123 nebulones·
539 2057 658 2140 aliquid
684 2068 795 2119 contra
822 2057 908 2119 illum
934 2078 1078 2121 austeros.
1130 2061 1201 2121 Jmn

185 2161 269 2224 eninr
298 2159 480 2225 temeritatis
493 2178 566 2221 suo
597 2172 720 2239 poenam
744 2158 879 2233 dedere,
922 2171 953 2221 et
970 2160 1030 2221 -iue
1058 2162 1200 2222 eculeum

185 2261 287 2323 mbos.
344 2259 498 2321 salutabo
526 2257 707 2333 bominum,¹
747 2268 783 2318 ut
811 2255 945 2338 jussisti,
984 2260 1090 2322 verbis
1128 2261 1200 2321 tuis.¹

95 2378 99 2385 ’
187 2362 355 2439 Tyrannus
376 2359 426 2420 itte
446 2378 511 2421 uon
525 2359 629 2419 solum
639 2368 728 2436 pacto
745 2379 810 2418 non
820 2370 942 2434 servat,
953 2374 1075 2422 'verum
1091 2371 1201 2424 contra

184 2461 410 2541 Imperatorem
431 2460 523 2522 etium
547 2457 755 2537 pertinaciter·
767 2458 841 2535 ngit.
890 2459 958 2520 Nec
981 2458 1106 2539 injuris.
1153 2461 1200 2520 lta

184 2560 268 2622 enim
286 2560 402 2643 gratiss·
415 2559 538 2620 referre
553 2560 655 2639 solent
668 2556 819 2636 improbi,
839 2578 909 2619 cum
927 2571 1035 2621 contra
1051 2555 1198 2639 justitiam

184 2642 274 2722 tirtnti
291 2659 420 2721 tuerint.
465 2660 538 2719 Non
566 2658 655 2740 quod
675 2655 790 2718 Caessri
813 2658 884 2719 talia
911 2657 1074 2736 objiciam,
1107 2660 1196 2732 (tram

185 2761 322 2842 optimus
350 2770 397 2820 cst
422 2758 596 2838 Princeps:
632 2777 743 2819 versem
765 2770 875 2820 natura
893 2778 955 2820 sua
976 2758 1017 2820 ob
1042 2756 1194 2836 improbis

181 2861 247 2923 frui
269 2880 334 2921 nou
353 2858 562 2938 permittitur)
598 2858 714 2937 eripuit
737 2859 903 2936 Tyrmmus
922 2858 991 2934 ide,
1028 2868 1063 2918 ut
1090 2857 1194 2931 nosti,

181 2981 283 3023 arcem
311 2960 467 3040 quandam
492 2958 612 3019 Ericho
635 2956 742 3021 comiti
761 2959 801 3019 de
826 2957 1031 3039 Loyuingen,
1063 2960 1196 3019 Horten·

181 3060 263 3140 berg
282 3058 428 3134 (sibene
447 3057 594 3134 memini)
619 3060 808 3137 appellatur..
837 3058 921 3119 Ilium
940 3057 1002 3137 jmn
1022 3068 1196 3122 Francisco

181 3171 221 3224 ds
237 3167 411 3242 Sickinqen
430 3158 573 3231 tradidit,
592 3169 627 3218 ut
640 3157 708 3219 illac
720 3159 879 3238 refugium
890 3158 1011 3221 habent.
1038 3160 1197 3222 Audivisti

180 3272 349 3342 preterea,
381 3279 446 3342 quo
465 3270 559 3338 pacto
576 3278 679 3320 urcem
701 3271 732 3321 et
753 3260 868 3339 prndio
886 3259 1019 3323 Comitis
1041 3271 1079 3323 de
1102 3270 1196 3338 Helss

173 3370 318 3439 fenstein
336 3359 410 3440 igne
432 3356 613 3419 vastaverit.
660 3360 753 3421 Nunc
778 3381 858 3423 vero
880 3363 892 3434 (
899 3371 935 3421 ut
954 3358 1059 3440 ajunt)
1081 3362 1195 3422 multos

179 3460 310 3523 Bovaris
326 3455 709 3543 incendiarios-submisit.
747 3462 832 3536 (tuin
852 3469 1047 3542 Zeysolsum
1066 3471 1105 3524 de
1120 3474 1195 3527 Ro³

179 3567 330 3641 scoberq,
356 3567 510 3621 erdooicr'
527 3567 565 3621 de
587 3568 706 3625 Hiaten
737 3562 927 3644 cognatum,¹
960 3580 1055 3646 quent
1082 3565 1195 3641 procui

179 3659 278 3720 dubio
308 3656 409 3732 nosti,
447 3659 613 3724 submissis
650 3660 837 3741 quibusdam
871 3662 1040 3743 improbis,
1078 3675 1193 3744 magno
1275 3660 1278 3666 ’

128 3796 134 3805 -
178 3759 293 3823 dunno
318 3759 438 3834 offecit,
476 3779 513 3821 sc
537 3759 654 3839 praedia
677 3760 776 3823 forme
802 3763 907 3825 omniu
930 3764 1017 3843 psius
1046 3763 1192 3824 incendio

177 3860 301 3924 evertit.
342 3858 473 3934 Scribis,
504 3871 534 3920 te
560 3880 626 3920 uon
650 3871 741 3923 extro
757 3862 930 3941 pericubun
947 3872 1032 3927 esse:
1058 3874 1092 3925 et
1107 3873 1193 3925 recte

176 3962 316 4045 quidem.
360 3961 458 4022 Novit
482 3959 569 4021 enim·
591 3959 656 4034 illc,
687 3971 719 4020 te
741 3963 900 4025 orationes
923 3963 1137 4026 acerbissimas
1161 3962 1193 4023 iu

174 4082 248 4124 eum
267 4059 504 4141 conscripsisse.
553 4058 621 4118 Nec
645 4059 788 4136 dubites,
822 4062 936 4126 fratres
959 4066 1045 4137 idos,
1079 4062 1134 4145 qui
1161 4073 1193 4122 te·

174 4174 353 4237 auctorem,
390 4160 601 4221 obscurorum
626 4178 696 4219 esse
720 4162 894 4237 clamitant,
921 4163 1006 4225 illum
1027 4176 1136 4224 contro
1162 4172 1193 4226 te

173 4263 334 4346 instigare.
380 4260 465 4325 Novi
489 4260 573 4320 enirn
595 4259 673 4341 quid
695 4262 840 4326 scribunt.
891 4265 971 4326 Nam
993 4263 1053 4344 ipsi
1069 4251 1194 4325 ¹scelera

172 4388 229 4428 sua
255 4365 413 4425 occultare
437 4371 614 4441 ucqueunt.
659 4360 880 4441 carrigium
910 4383 952 4423 ne
978 4383 1091 4427 eorum
1117 4383 1194 4425 con·

169 4466 239 4530 silio
270 4463 327 4526 tibi
354 4464 486 4546 quoque
519 4480 741 4542 percussorem
769 4462 948 4538 submittat,
986 4463 1078 4546 quod
1102 4464 1192 4527 Deru

1131 4642 1153 4687 .,
1198 4694 1219 4725 g
1251 4694 1264 4701 ..
