2810 4722
243 380 287 454 98
484 373 527 446 In
551 374 739 448 Ulrichum·
758 375 1009 478 Wirtenbcrg.

242 565 497 648 comprimendus
518 575 583 641 est,
612 587 672 629 nec
691 566 828 632 dandmn
845 568 1018 651 recipiendi
1035 591 1105 636 sese
1126 580 1261 652 tempus.

242 668 373 731 Utimini
401 667 656 750 opportunitate!
699 671 737 731 ln
765 679 908 750 tempore
929 670 1095 734 consilium
1117 673 1258 750 arripite!

242 769 453 832 Occasionem
488 773 612 830 tenete!
653 769 823 850 Nunquam
846 768 968 836 facilius
994 773 1055 834 hoc
1078 773 1259 836 conderetis

218 870 426 952 megenum,
463 889 557 952 quam
578 869 608 946 ⁶)
636 867 681 931 sic
710 866 856 950 projecto
885 871 957 947 itto,
983 872 1030 938 sic
1050 873 1183 950 afflicto,
1212 873 1261 936 'sic

242 970 405 1033 confracto
412 1016 424 1047 ‚,
456 969 501 1030 sic
519 967 662 1050 undique
680 972 778 1031 tento.
817 971 869 1033 An
889 971 928 1033 ad
947 972 1032 1034 aliud
1051 983 1174 1054 tempus
1195 995 1261 1038 ser·

240 1069 353 1133 rabitis
375 1073 437 1132 hoc
455 1069 662 1150 supplicium,
686 1068 720 1130 in
741 1091 806 1153 quo
824 1072 1160 1156 persequendo,.quia
1176 1074 1262 1136 istud

238 1169 471 1250 interposuistis
496 1168 648 1251 spatium,
688 1190 796 1233 carere
820 1172 954 1236 levitatis
977 1171 1158 1255 suspicione
1181 1194 1262 1250 nuug

240 1289 334 1352 quarn
346 1267 509 1349 poteritis,
528 1281 563 1332 ut
575 1267 625 1346 tm)
642 1269 698 1354 qui
718 1270 749 1331 in
765 1291 801 1332 rc
816 1291 944 1352 magna,
963 1273 1082 1347 atroci,
1093 1273 1265 1350 horrenda,

238 1369 432 1446 detestabili,
464 1382 557 1445 nota,
592 1371 635 1447 sd
660 1370 863 1451 puniendum
888 1371 1016 1454 segnius
1041 1373 1262 1436 accesseritis?

238 1471 335 1534 atille
359 1492 427 1533 non
448 1470 577 1554 segnis,
607 1490 667 1531 nec
686 1492 827 1554 unquam
846 1471 1068 1553 perpetrandis·
1079 1471 1262 1536 criminibus

238 1592 383 1646 cessans,
415 1570 492 1632 dum
511 1589 570 1631 vos
594 1569 634 1632 de
649 1569 810 1651 prioribus
829 1573 1013 1635 sententiam
1032 1573 1117 1637 serre
1135 1581 1263 1638 cuncta:

213 1671 328 1748 nini,
366 1691 488 1733 novum
508 1670 577 1753 ipse
601 1666 762 1748 adjunxit,
793 1683 830 1734 ut
848 1673 981 1747 doceat,
1013 1673 1149 1755 quidde
1175 1694 1210 1734 se
1227 1674 1262 1736 iu

237 1784 401 1856 posterum
418 1770 559 1852 opinari,
580 1769 660 1853 quid
676 1768 769 1833 uobis
782 1791 965 1854 proponere
981 1772 1132 1836 debeatis.
1164 1775 1262 1852 Quod

236 1875 298 1937 nisi
316 1873 463 1948 fecisset,
498 1870 674 1934 verendum
691 1881 773 1947 erat,
802 1891 844 1932 ne
866 1871 1033 1934 occasione
1062 1869 1132 1953 ejus
1149 1895 1263 1950 morae,

237 1973 344 2035 invitis
362 1972 510 2036 omnibus
527 1991 562 2035 se
578 1971 726 2053 eriperet.
759 1972 847 2033 ·Non
866 1971 983 2052 ignoro
1010 1973 1108 2050 enim,
1142 1985 1173 2036 et
1191 1995 1263 2036 cunr

237 2073 375 2154 primum
395 2077 457 2136 hoc
473 2070 600 2135 dicendi
620 2090 734 2133 munus
749 2071 962 2153 aggrederer,
982 2073 1148 2151 presensi,
1168 2092 1262 2136 unam

239 2173 319 2236 hanc
337 2169 500 2253 reo'spcm
513 2193 582 2235 esse
598 2169 810 2252 propositam,
831 2170 858 2233 si
873 2193 936 2253 qua
950 2170 1034 2234 sorte
1049 2172 1122 2233 huic
1138 2167 1260 2250 judicio

239 2292 328 2336 mora
343 2273 574 2347 intercederet,
594 2269 685 2346 iore,
706 2282 742 2334 ut
760 2269 843 2333 istud
860 2280 1021 2354 commotae
1032 2271 1208 2334 adversum
1220 2291 1261 2334 se

241 2372 417 2436 Germanic
449 2371 575 2443 odium,
619 2370 677 2430 ista
714 2369 886 2433 communis
923 2367 1080 2443 infensio,
1123 2369 1264 2434 omniunt

176 2467 178 2471 ’
241 2473 354 2545 ardor,
376 2467 521 2550 paulatim
539 2467 749 2550 frigescerent
768 2469 852 2543 ⁶³⁵¹),
873 2469 940 2551 ipse
960 2480 1141 2549 opportune
1160 2471 1264 2532 elabe-

237 2580 340 2632 retur.
377 2567 475 2630 Nolui
502 2579 605 2630 tamen
633 2567 824 2648 predicere,
854 2569 964 2632 nerui
984 2567 1079 2631 istum
1104 2567 1264 2632 commodi

242 2669 456 2730 admonerem.
496 2667 559 2730 Sed
583 2679 622 2730 ut
644 2679 720 2730 tunc
741 2669 937 2733 dissimulavi
957 2671 1190 2754 cognitionem,
1223 2669 1265 2733 ita

243 2787 328 2832 nuuc
341 2788 377 2831 re
391 2767 449 2830 alia
466 2767 590 2850 integra
610 2775 806 2850 praemoneo,
828 2769 854 2832 ri
866 2770 1044 2834 diuturnius
1062 2773 1126 2834 huc
1143 2782 1266 2850 protra-

242 2871 333 2934 hatur
353 2889 465 2942 cause,
485 2867 646 2942 futurum,
673 2877 709 2928 ut
726 2866 785 2930 iste
802 2869 835 2932 vi
851 2891 886 2930 ac
906 2871 998 2934 aruris
1020 2871 1174 2948 munitus,
1205 2873 1266 2933 hoc

244 2966 399 3050 judicium
421 2976 616 3041 contemnat,
657 2965 729 3042 tibi,
767 2965 872 3031 Caesar
893 2969 1117 3034 invictissime!
1154 2971 1263 3045 vobis,

244 3065 421 3147 principes,
456 3084 492 3125 ac
525 3063 587 3126 viri
618 3065 780 3128 Germani·
797 3066 999 3147 ornatissimi,
1036 3068 1265 3152 fortissimique

245 3165 370 3238 illudat,
390 3175 583 3227 suutueatur
598 3166 767 3240 maleficia,
786 3188 845 3228 nus
865 3167 903 3230 ab
914 3169 1112 3232 accusatione
1127 3171 1267 3250 repellat.

247 3263 340 3327 Unde
353 3263 438 3326 istud
458 3263 583 3348 (aliquis
599 3265 696 3343 dicet)
710 3269 944 3332 commentum?
963 3269 1036 3332 Scio
1050 3271 1134 3332 euim
1146 3291 1266 3351 paucos

247 3364 418 3447 suspicari,
452 3368 540 3450 quod
564 3387 626 3451 ego
650 3365 756 3430 video.
803 3367 895 3430 Unde
916 3369 999 3430 hunc
1027 3379 1089 3432 tam
1113 3381 1267 3448 repente,

248 3465 348 3543 dicet,
377 3467 522 3530 metum?
543 3467 670 3528 *Non
690 3487 733 3527 ex
756 3467 818 3528 levi
843 3466 948 3550 aliquo
975 3468 1176 3542 rumusculo,
1213 3478 1268 3528 aut

249 3567 338 3650 vulgi
358 3587 515 3630 sermone.
552 3563 668 3640 Certa,
702 3564 869 3643 Germani,
898 3579 929 3630 et
948 3565 1008 3630 nisi
1031 3566 1204 3630 eonsilium
1218 3567 1269 3628 iu·

247 3667 445 3742 tereesserit,
463 3664 644 3747 perniciose
659 3663 733 3726 huic
747 3666 867 3729 nationi
882 3676 1043 3748 comperta
1057 3665 1176 3752 habeo,
1196 3686 1268 3730 eum

251 3751 347 3830 Gallis
370 3765 477 3829 facere
499 3763 610 3839 istum,
646 3773 678 3827 et
695 3763 855 3834 Swiceros
878 3769 966 3845 assu)
988 3766 1150 3832 finitimam
1176 3764 1268 3828 nohis

251 3887 444 3904 Ἠ

288 3947 317 4014 ⁴)
336 3957 397 4002 uach
417 3952 553 4010 negotium:
578 3919 810 4026 qicmpeigesetzt.
857 3946 902 4014 **)
921 3958 1023 4030 urum,
1042 3955 1088 4013 φῖ.
1136 3945 1200 4022 ιιι)
1215 3956 1271 4007 sm

286 4046 414 4099 pererrent
423 4070 432 4098 ,
451 4035 662 4092 restinguerentur.
700 4027 779 4100 W)
798 4044 918 4102 swscpro,
927 4070 938 4100 ,
955 4037 1089 4089 adnuo..
