2624 5108
588 130 595 169 i

577 190 584 211 s

213 881 286 957 532
574 874 631 949 Ad
655 877 859 950 Germanos

212 1069 439 1157 plnnenuiium
459 1086 549 1142 esse,
568 1087 641 1130 oum
659 1066 749 1151 quod
767 1086 806 1128 ea
823 1063 906 1147 justa
924 1075 973 1130 est
992 1073 1024 1128 et
1043 1063 1231 1141 necessaris,

213 1189 249 1231 ae
272 1154 398 1233 minime
428 1170 574 1257 petulans
603 1167 776 1242 censenda,
820 1187 883 1248 qua
907 1165 951 1229 ibi
984 1179 1059 1230 utor
1083 1164 1231 1239 libertus,

210 1279 278 1332 tum
297 1269 386 1351 quod
406 1267 522 1348 optimu
545 1267 619 1330 mihi
639 1279 673 1329 et
692 1267 866 1352 {equissimo
885 1286 1013 1348 semper
1035 1264 1156 1338 omnia,
1189 1263 1233 1325 de

209 1374 314 1435 Leone
329 1376 372 1434 X.
393 1367 545 1450 persuasi.
583 1369 688 1449 Quem
715 1378 835 1433 tantum
863 1367 967 1443 abest,
998 1377 1034 1429 ut
1059 1364 1091 1428 in
1116 1366 1174 1427 hae
1192 1384 1232 1427 re

208 1481 362 1544 metuam,
390 1480 426 1530 ut
445 1467 537 1543 etiaru
555 1476 727 1533 Laurentis·
745 1476 848 1532 Valle
872 1468 1023 1530 adversus
1049 1465 1232 1527 ementitam

208 1568 406 1635 Constantini
431 1567 636 1631 donationem
654 1566 792 1630 libellum
811 1566 844 1630 in
862 1570 965 1631 iucem
984 1567 1116 1641 iterum,
1151 1587 1228 1647 pre·

205 1670 326 1735 tutione
351 1667 521 1750 adipsum
546 1667 646 1743 iaetu,
679 1666 775 1731 edere
800 1688 903 1749 nuper
925 1688 1019 1732 ausus
1045 1666 1123 1741 sim,
1155 1684 1229 1726 eum

204 1770 280 1835 nihil
301 1781 420 1832 tantum
438 1789 507 1832 asse
525 1767 667 1843 videam,
697 1766 724 1829 si
742 1769 803 1831 hoo
828 1767 956 1844 fecero,
986 1790 1043 1831 cur
1060 1767 1134 1830 mihi
1155 1786 1228 1828 suc·

204 1881 331 1937 nauseet
360 1869 465 1933 bonus
495 1867 666 1943 Pontifex,
703 1867 763 1931 sub
789 1876 857 1951 epto
883 1869 1003 1933 seloh
1031 1868 1064 1933 id
1089 1867 1227 1930 maxima

203 1971 339 2036 liberum
358 1989 428 2033 esso
446 1968 538 2045 iicet,
564 1968 655 2053 quod
680 1966 741 2031 ribi
755 1966 826 2048 ipse
846 1969 908 2032 hoo
927 1991 986 2050 per
1004 1969 1123 2032 ltaliam
1143 1968 1227 2051 erigi

204 2090 313 2155 putus
338 2079 404 2145 est,
432 2071 561 2159 pienum
585 2089 669 2131 verse
698 2088 736 2130 ao
765 2068 873 2131 solide
900 2069 1001 2132 laudis
1028 2072 1225 2150 trophaeums

204 2180 305 2241 horst
321 2180 452 2234 Decimo
468 2177 820 2243 RestauratortPacis.
847 2170 992 2249 Quando
1011 2168 1109 2233 tutior
1126 2169 1226 2244 enirn,

202 2293 240 2335 ao
257 2272 330 2334 sira
348 2270 446 2352 magis
463 2267 605 2349 libertas,
625 2288 721 2352 quant
737 2288 811 2333 euna
829 2290 892 2331 una
906 2269 1052 2333 omnibus
1070 2291 1134 2351 pax
1153 2270 1225 2333 est?

201 2374 245 2436 At
259 2372 311 2434 itte
331 2392 372 2433 ex
388 2368 508 2431 bellicis
526 2376 609 2433 ,lidii
626 2376 764 2432 Secundi·
781 2369 964 2432 tumultibus
979 2390 1088 2452 paoem
1102 2371 1228 2438 evexit.

203 2471 302 2538 Certe
334 2469 430 2552 igitur
463 2479 495 2530 et
522 2477 698 2531 emortuam
729 2489 832 2549 nuper
862 2470 1071 2549 pessimorum
1101 2473 1224 2535 scelere

201 2571 389 2655 pontificum
420 2569 594 2633 libertatem
630 2567 793 2649 produxit.
846 2571 1017 2651 Quomodo
1051 2570 1135 2633 enirn
1167 2583 1223 2633 ant

202 2671 306 2737 dirimi
326 2670 383 2733 ista
405 2691 441 2732 ae
459 2667 586 2751 sejungi
604 2681 751 2750 possent,
774 2681 827 2733 eut
845 2670 897 2733 itte
915 2673 976 2734 hoe
996 2672 1143 2751 ingenio,
1162 2674 1221 2735 hae

201 2770 382 2838 emiditione
420 2768 587 2851 preditus,
628 2767 760 2832 diremta
794 2792 832 2832 es
865 2791 902 2832 ao
931 2772 1074 2848 sejunots
1103 2773 1220 2835 veliet?

200 2872 326 2938 Deinde
346 2872 372 2935 si
392 2891 455 2954 qua
471 2869 564 2933 etism
583 2869 746 2952 ingrueret
763 2871 934 2947 calamitas,
954 2883 1056 2935 tutum
1076 2892 1127 2935 me
1146 2873 1219 2935 iore

199 2973 324 3054 putavi,
356 2981 482 3051 sperato
508 2980 541 3033 et
567 2970 644 3035 nihil
668 2983 786 3035 temere
806 2983 962 3051 ooneepto
986 2974 1218 3038 Germanorum

198 3090 342 3138 meonun
367 3071 531 3154 presidio,
563 3084 675 3152 utpote
699 3093 837 3155 quorum
861 3074 1006 3149 nornine,
1039 3076 1118 3137 hune
1141 3074 1217 3138 milti

199 3171 351 3239 accersivi
370 3175 453 3237 uitro
473 3171 692 3238 difficultatem·
730 3174 824 3236 Adeo
842 3185 877 3236 ut
895 3173 961 3251 jum¹
976 3176 1060 3238 haud
1078 3185 1219 3238 content·

197 3274 310 3339 nendis
330 3273 522 3358 argumentis
541 3274 749 3357 prospiciam,
777 3273 896 3358 siquis
919 3274 978 3351 sit,
999 3276 1055 3359 qui
1075 3275 1117 3339 ita
1140 3275 1217 3337 velit

105 3386 108 3393 '
196 3375 368 3442 extinctam
405 3377 636 3438 Germanonrm
665 3373 853 3448 libertatem,
892 3386 928 3437 ut
961 3388 1072 3440 contre
1100 3379 1216 3444 nulium

196 3475 335 3559 penitus.
353 3472 517 3554 injuriam,
556 3477 671 3538 nuliam
706 3477 926 3539 contumeliam
954 3479 1006 3539 uel
1044 3478 1216 3542 redamare

194 3573 288 3639 uobis
307 3572 415 3648 liceat,
445 3575 475 3638 ei
495 3575 683 3651 videndum,
705 3599 745 3640 ne
766 3580 893 3663 mrando
914 3580 964 3643 ilia
982 3581 1028 3642 sie
1039 3582 1217 3646 constricta

194 3695 231 3736 ae
250 3695 338 3756 pene
357 3676 530 3751 suffocata,
545 3697 617 3739 eum
636 3678 773 3742 maximo
790 3692 921 3760 repente
939 3679 1033 3760 hujus
1052 3680 1214 3744 servitutis

193 3786 342 3843 sutorum
360 3775 562 3841 incommodo
583 3798 619 3840 ae
637 3778 826 3843 detrimento
850 3793 1007 3863 erumpat,
1044 3802 1080 3843 ae
1099 3798 1133 3841 se
1152 3779 1214 3842 sibi

192 3876 327 3941 adserat.
366 3879 468 3957 Quam
488 3877 633 3962 quidem,
665 3891 701 3942 ut
726 3880 898 3959 prudenter
921 3883 985 3944 haeo
1004 3882 1211 3956 aestimemus,

191 3991 225 4043 et
251 3977 418 4041 consilium
437 3977 497 4060 ipsi
523 3998 654 4062 quoque
680 3981 790 4043 demus
817 3982 1060 4062 oppressoribus
1078 3981 1211 4056 nostris,

191 4091 309 4164 quatuo
330 4079 504 4142 consultius
522 4079 599 4154 fuit,
629 4080 764 4162 aliquem
784 4100 907 4161 semper
932 4082 1077 4163 spiritum
1096 4102 1212 4163 agere,

189 4201 296 4265 neque
332 4178 502 4242 arctissime
538 4179 720 4260 comprimi,
760 4200 854 4264 quern
888 4181 942 4244 ubi
974 4205 1009 4245 se
1045 4182 1214 4245 manifeste

164 4279 376 4363 *snsnguiari
408 4277 472 4361 jem
491 4279 643 4353 senserit,
676 4279 795 4363 impetu
822 4281 923 4357 facto,
957 4270 1122 4363 ereptione
1140 4282 1211 4360 sui,

187 4384 283 4446 mults
301 4381 488 4445 concideare
506 4399 543 4440 ao
563 4380 731 4443 evertere?
751 4381 875 4445 Patitnr
892 4383 977 4445 enim
995 4382 1065 4464 oapi
1084 4381 1151 4458 ilia,
1174 4402 1214 4446 se

186 4482 299 4550 vinciri
316 4483 429 4546 leviter
441 4479 584 4564 -patittu,
613 4480 787 4561 presertim
805 4493 871 4546 arte
886 4482 914 4545 si
932 4482 1005 4568 quis
1024 4484 1145 4567 valeat,
1173 4494 1215 4544 et
