2624 5108
51 942 56 955 ,
146 888 217 967 398
373 883 416 962 Iu
439 883 521 964 Joa.
546 881 787 983 Pepericorni
810 882 925 961 vitam

146 1078 186 1133 Et
206 1078 272 1133 licta
291 1079 398 1149 pietate
416 1092 525 1151 preces
543 1078 687 1134 fundebat
704 1078 739 1133 ad
757 1096 834 1135 aras.

147 1168 370 1243 Tractabatquc
388 1172 511 1240 Deum,
529 1172 622 1227 sancti
640 1174 780 1241 mysteria
799 1172 882 1244 panis

145 1264 277 1317 Vulnere
297 1263 463 1331 mactabat,
481 1280 539 1318 uec
560 1264 658 1318 adhuc
674 1264 828 1334 (mirabile
846 1262 944 1334 dictu)

146 1358 234 1410 Caede
254 1359 357 1410 furens
377 1357 492 1424 media,
510 1355 609 1411 subito
632 1370 788 1415 emanante
807 1373 918 1412 cruore
929 1398 940 1425 ,

145 1449 279 1503 Substitit
298 1450 436 1519 incepto,
454 1449 527 1504 vidit
544 1465 577 1504 se
598 1450 752 1505 ellltndere
770 1451 879 1520 passim

144 1543 328 1612 sanguineos
348 1542 451 1610 rivos,
469 1541 710 1613 insperatumque
728 1543 878 1614 liquorem

143 1635 296 1691 irrorasse
315 1651 441 1703 marrus,
459 1634 553 1689 sensit
570 1651 627 1706 pro
648 1652 723 1706 pane
741 1635 866 1705 vigentis

143 1727 289 1782 Indicium
310 1729 426 1795 caruis,
448 1737 560 1799 perstat
576 1734 677 1782 tamen
696 1728 854 1801 improbus
871 1731 979 1797 ardor,

142 1821 274 1892 Jamque
294 1822 381 1874 audet
399 1821 502 1875 socios
520 1821 550 1874 in
569 1822 682 1875 casdem
701 1822 856 1876 admittere
875 1822 993 1892 Verpos
1004 1863 1012 1890 ,

141 1915 181 1970 Et
204 1915 347 1968 mercede
366 1916 474 1982 nefas,
493 1914 665 1986 laetumque
684 1915 816 1968 immane
837 1915 971 1986 pacisci,

142 2009 177 2063 ln
196 2021 319 2062 teneros
344 2006 415 2061 furit
433 2006 582 2074 insaniet,
601 2018 631 2062 et
648 2007 686 2062 alt
704 2007 800 2061 ubere
817 2024 929 2079 parvos

142 2101 252 2155 Avellit
270 2102 359 2156 loetus
378 2100 480 2167 idem,
500 2102 646 2172 ferroque
665 2109 802 2154 cruentat

141 2192 317 2264 Palpantom
336 2194 497 2261 sobolem,
520 2193 673 2264 vitamque
691 2208 708 2247 a
727 2192 796 2248 labe
814 2202 982 2262 remotam,

142 2287 343 2357 ignorantque
362 2286 425 2342 sui:
445 2285 575 2355 magicas
594 2286 704 2341 dehinc
721 2287 818 2358 pergit
835 2288 871 2342 ad
891 2297 968 2343 anea
978 2328 989 2356 ,

142 2380 309 2435 Fraudibus
328 2379 448 2434 invertit
466 2378 630 2450 populum,
649 2388 793 2450 vatesque
810 2382 915 2435 vocari

142 2473 243 2528 Gestit
262 2492 269 2527 :
290 2473 348 2541 agit
364 2471 536 2539 medicum,
555 2471 637 2542 quod
655 2472 738 2526 nullo
758 2482 895 2544 ternpore
913 2476 1029 2530 eredes.

140 2567 257 2638 Accipe
275 2565 452 2637 posteritas!
475 2565 594 2621 Utinam
612 2581 703 2636 quam
720 2564 788 2619 licta
807 2565 947 2637 putabis,

141 2661 221 2715 Tam
239 2676 302 2713 non
324 2660 403 2713 lacta
422 2674 550 2726 canam,
568 2657 666 2729 potuit
683 2658 860 2729 promittere
878 2658 968 2712 vitam
978 2699 988 2726 ,
1076 2698 1079 2704 .

139 2752 281 2808 Praestitit
300 2751 469 2806 interitum:
484 2751 575 2820 jussit
591 2766 713 2820 sperare
732 2752 857 2805 salutem
867 2791 877 2819 ,

141 2846 244 2900 lntulit
263 2844 409 2899 exitium:
428 2853 609 2913 praesentem
628 2842 770 2897 inducere
789 2853 940 2913 mortem,

141 2939 220 2992 Huic
240 2936 387 2991 medicina
407 2934 483 3002 fuit,
501 2935 764 3007 conquisitumque
781 2952 944 2992 venenum.

141 3030 226 3103 Quas
245 3028 355 3083 herbas
373 3028 486 3082 Medea
503 3028 588 3097 legit,
606 3027 803 3083 medicamina
821 3029 911 3084 Circo

142 3124 218 3197 Quae
236 3121 366 3194 probat,
387 3120 557 3192 infernique
577 3120 658 3175 cattia
676 3120 843 3177 damnabile
863 3133 983 3195 sputum

139 3218 255 3274 Miscet
276 3232 367 3288 opem
387 3214 515 3269 morbis.
554 3213 635 3287 Quid
652 3230 718 3285 quae
735 3216 871 3272 nondum
888 3229 953 3272 acta
970 3216 1090 3288 reliquit

141 3313 175 3366 ln
194 3311 296 3365 medio
317 3325 407 3364 eursu
425 3309 577 3362 scelerum
596 3307 769 3378 dispergere
785 3309 868 3364 virus

142 3405 277 3460 Santonas
297 3403 325 3455 in
345 3416 488 3471 campos,
507 3407 614 3469 quanta
632 3413 679 3456 est
695 3414 744 3457 tua
762 3404 921 3472 Marchia,
940 3405 1062 3472 sontes,

141 3499 246 3562 Prata,
265 3496 367 3559 lacus,
386 3491 508 3559 fluvios,
528 3491 694 3565 silvasque,
720 3508 749 3550 et
767 3512 896 3568 pasoua,
915 3506 945 3552 et
962 3514 1050 3567 agros

141 3588 268 3643 lulicere
288 3585 402 3653 exitio,
421 3584 473 3639 tibi
492 3585 611 3640 mittere
629 3588 751 3656 toxica,
772 3591 895 3644 fratrem

142 3681 246 3735 Morte
266 3678 390 3733 abolere
408 3689 511 3748 tuum,
530 3689 684 3753 totamque
704 3682 878 3753 extinguere
898 3698 981 3738 eoeea

142 3774 229 3830 Peste
250 3773 391 3841 dornmn,
412 3773 465 3827 tibi
480 3773 605 3847 jamque
623 3774 740 3846 aliquos
758 3776 940 3847 promiserat
958 3794 1045 3832 orco.

143 3867 292 3922 Continuo
312 3866 460 3937 placidum
478 3867 567 3935 Diis,
586 3866 676 3922 finem
694 3868 850 3939 imponere
866 3869 958 3926 rebus

141 3960 331 4031 Praecipitem
351 3959 497 4014 cohibere
516 3961 607 4028 iram,
625 3961 784 4016 nebulonis
804 3962 895 4038 iniqui

142 4053 338 4126 Propositum
358 4053 500 4106 conferre
518 4062 620 4120 retro,
639 4054 818 4124 frenumque
837 4048 946 4110 minaci

142 4147 269 4213 ludere,
287 4147 480 4217 pernicieque
499 4154 547 4199 tua
556 4186 566 4213 ,
586 4144 761 4217 fratrisque,
781 4146 950 4218 domusque

142 4239 306 4307 sacrilegas
322 4254 426 4293 arcere
445 4252 569 4292 manus:
588 4247 616 4291 te
630 4239 701 4307 jure
717 4238 839 4292 beatum

141 4333 335 4402 Felicemque
352 4347 455 4397 voco,
477 4330 524 4384 cui
543 4338 652 4385 tantam
670 4341 807 4387 auertere
825 4332 960 4390 fraudem

144 4429 274 4481 Autores
296 4425 420 4478 volucre
438 4422 517 4491 Dei,
540 4425 647 4495 punire
665 4435 827 4480 nocentem

143 4519 207 4576 Tot
223 4517 322 4586 vitiis,
342 4515 487 4589 tantisque
503 4516 607 4587 malis,
625 4517 674 4573 cui
691 4519 812 4576 numina
828 4520 950 4589 donant,
