2624 5108
77 858 94 873 “
193 784 265 915 did
576 839 836 915 Exhortatoria

195 1031 276 1097 ttm
293 1032 453 1113 potiorem
471 1052 597 1116 semper
614 1031 779 1099 bominum
798 1043 962 1113 capturam
983 1031 1085 1095 dunin
1120 1032 1220 1099 Domi

172 1131 229 1197 'in
247 1154 374 1197 euntem
391 1133 559 1197 libidinum
580 1153 617 1196 ac
632 1131 865 1215 turpitudinum
885 1131 1060 1196 foeditatem
1076 1132 1217 1213 profusa,

194 1233 426 1311 cdextrsmum
441 1235 556 1309 ferox,
575 1234 723 1310 efferate,
740 1232 894 1308 erudelis,
914 1232 1103 1309 libidinose,
1123 1232 1220 1296 intida

193 1350 232 1399 se
259 1335 447 1399 truculenta.
495 1336 612 1417 Neque
643 1333 741 1397 tidem
768 1350 920 1408 servans,
961 1353 1070 1416 neque
1100 1332 1220 1397 federa

111 1436 114 1442 ’
188 1424 300 1503 'amota
324 1437 463 1511 babens,
495 1454 559 1497 snae
588 1430 820 1514 superstitionis
846 1433 886 1494 ad
912 1445 1089 1499 extremum
1115 1453 1222 1517 usque

194 1536 340 1621 spiritum
357 1547 471 1611 tenax,
503 1554 588 1597 verm
613 1532 734 1616 alioqui
758 1532 907 1617 religiosi
932 1533 1051 1611 hostis,
1082 1554 1170 1597 sacra
1189 1545 1223 1595 et

193 1638 344 1721 profana,
362 1635 411 1698 sss
432 1647 464 1696 et
481 1636 571 1697 nefas
590 1631 725 1715 perinde
744 1620 875 1697 ducens.
905 1635 1015 1718 Atque
1029 1637 1087 1700 bos
1101 1640 1220 1711 mores,

127 1788 133 1799 .
194 1747 347 1821 quantum
365 1736 450 1797 nulla
468 1734 529 1798 alia
548 1752 627 1817 gens
647 1755 742 1809 suos,
768 1744 801 1796 et
819 1733 875 1797 diu
896 1746 929 1796 et
947 1735 1125 1798 immutatos
1144 1735 1221 1796 reti-

192 1833 273 1901 nuit.
311 1833 617 1916 septingentesimus
636 1854 674 1897 se
690 1834 939 1917 septuagesimus
958 1856 977 1896 a
996 1833 1123 1898 Christo
1142 1845 1218 1895 nato

122 1948 126 1955 '
192 1954 293 1999 annus
327 1933 502 2017 agebatur,
541 1954 615 1996 curn
645 1932 782 2014 primum
813 1954 834 1995 c
863 1933 988 2014 Scythia
1020 1933 1218 2015 pertransitis

69 2060 89 2123 p
193 2032 319 2121 Gupiis
343 2032 465 2115 portis,
494 2033 613 2097 [tustra
630 2032 758 2099 obnixis
776 2033 936 2099 Avaribsu
955 2033 991 2097 in
1008 2034 1085 2098 Asia
1102 2033 1221 2095 minori

37 2158 43 2167 ·
187 2134 307 2201 mlum
332 2135 394 2197 hoc
420 2134 574 2197 consedit.
623 2134 688 2197 Ubi
714 2154 827 2216 parum
855 2134 1037 2216 profectum
1055 2144 1219 2215 putantes,

192 2232 221 2299 si
236 2234 377 2297 melioris
394 2234 466 2299 eoeli
482 2236 650 2318 regionem
667 2235 770 2311 nocti,
803 2252 940 2317 regnum
960 2232 1024 2319 ¹sibi
1046 2233 1222 2297 communi·

191 2344 280 2408 rasit,
308 2333 441 2397 finitima
456 2334 593 2414 primum
610 2334 783 2398 latrociniis
802 2332 1004 2398 bdestanmt.
1039 2334 1167 2399 Deinde
1185 2344 1222 2397 ut

193 2428 378 2497 so'oeeasio
405 2434 512 2510 dedit,
544 2445 597 2498 ant
621 2433 720 2497 libido
748 2433 865 2512 sunsit,
900 2432 1019 2497 bellum
1042 2445 1220 2521 gessennrt·

194 2532 321 2617 Quibus
335 2533 472 2610 mbos,
492 2555 560 2597 non
573 2534 617 2597 ita
627 2536 742 2598 multos
755 2534 835 2598 intra
848 2555 965 2609 annos,
985 2532 1223 2615 opulentissima

193 2634 278 2699 Asiae
309 2655 411 2718 regna
443 2656 507 2699 suae
541 2634 670 2697 ditionis
703 2635 860 2699 iecerunt.
914 2635 1041 2717 Quippe
1070 2634 1221 2707 Pontum,

176 2732 448 2817 Cappadociam,
475 2735 644 2810 Galatiam,
679 2736 876 2816 Bithyniam,
910 2733 1132 2816 Pamphiliam‚
1166 2733 1223 2796 Pi·

192 2832 321 2910 sidism,
348 2845 516 2918 utramque
533 2836 907 2917 Pmygnmffiitieian,
933 2833 1050 2911 Cares,
1071 2833 1219 2914 Lydiam,

67 3018 70 3023 Ι
190 2943 227 2997 et
242 2955 312 3019 que
328 2934 412 2997 cinca
429 2944 517 3010 surtt,
538 2936 578 2998 ad
596 2956 667 2997 oras
685 2957 789 3019 usque
801 2936 887 2999 Jonii
904 2935 996 2999 maris
1013 2937 1222 3016 subegerunt.

191 3030 324 3096 Interim
352 3053 426 3096 curn
452 3034 614 3113 Smacenb
644 3035 835 3110 conflictati,
874 3056 988 3098 eertum
1019 3037 1112 3099 etiam
1145 3036 1220 3099 reli-

191 3130 323 3216 gionem
347 3133 549 3196 imbiberunt.
585 3134 636 3201 Ac
662 3135 777 3198 nobilis
805 3135 886 3198 illius
905 3135 1160 3200 Christianorum
1187 3136 1223 3200 in

191 3232 366 3297 8111111111
385 3232 598 3316 expeditionis
616 3237 757 3317 procella
773 3233 845 3310 icti,
866 3235 1049 3319 aliquandiu
1065 3222 1227 3300 Hieroso·¹

126 3372 129 3381 ·
190 3332 413 3414 iymitanorunr
443 3354 555 3418 regum
579 3324 687 3410 metu,
724 3337 806 3397 intra
832 3357 890 3399 sua
916 3358 952 3407 se
983 3337 1221 3413 continuerunt,

191 3430 298 3495 donec
318 3440 519 3496 Otlsomanno
538 3431 699 3514 principe,
721 3435 811 3518 quusi
830 3456 925 3519 quum
943 3446 991 3497 tot
1008 3456 1109 3499 utmos
1127 3436 1221 3500 dissi·

190 3534 381 3607 mulsssent,
400 3531 494 3594 solito
509 3529 612 3614 major
627 3533 733 3615 erupit
746 3534 878 3598 ferocia.
908 3535 993 3599 ltihit
1008 3556 1075 3599 non
1090 3547 1221 3599 strenue

190 3626 226 3693 in
244 3631 328 3693 bunc
348 3652 452 3715 usque
478 3631 578 3711 diem,
611 3654 653 3697 ex
679 3652 717 3695 11
740 3634 856 3698 familia
879 3635 1100 3717 Principibus,
1134 3637 1220 3697 Tur-

105 3750 109 3757 ·
190 3748 300 3795 esrum
323 3753 410 3796 anna
436 3733 679 3812 exercentibus,
707 3745 820 3799 accunt.
865 3733 953 3797 Victi
971 3747 1048 3798 tunc
1068 3737 1218 3810 'l'hrnces,

106 3836 112 3845 '
150 3820 340 3897 'Iomnium
372 3832 405 3895 in
437 3833 622 3899 servitutem
656 3834 857 3912 civitatibus,
891 3844 1005 3915 preter
1037 3833 1219 3898 Constanti·

189 3933 334 4015 eupolim
360 3944 393 3994 et
419 3932 559 4011 Pensm,
591 3934 736 4012 dejectis.
787 3933 867 3997 lnde
892 3933 1117 3998 Macedoniam
1145 3955 1219 3997 enm

189 4030 372 4103 uniuersam
400 4033 644 4116 subjugassent,
682 4032 810 4107 Greein
837 4032 1021 4095 invadendae
1051 4032 1218 4097 consilinin

189 4143 364 4213 ceperunt.
391 4133 509 4215 Cujus,
528 4155 594 4196 non
607 4152 722 4215 magno
734 4131 904 4195 edutodusn
915 4132 1063 4214 negotio,
1080 4134 1217 4195 subactis

189 4228 373 4312 Tbessalia,
406 4233 571 4308 Phocide,
604 4233 747 4305 Boeotia,
781 4252 818 4294 ac
844 4231 1072 4311 utplurimum
1101 4233 1217 4307 Attica,

188 4327 327 4409 Mysiam
347 4331 534 4396 inferiorem
552 4343 724 4395 vastarunt.
762 4332 920 4413 Illyricum
944 4355 980 4395 ac
1004 4333 1151 4397 Tribalos
1170 4335 1219 4395 in-

190 4431 392 4501 cursionibus
416 4443 590 4509 cernunt,
621 4432 734 4517 iugem
760 4432 895 4498 Rhodiis
914 4432 1091 4515 perietdum
1116 4434 1221 4497 inten-
