2624 5108
459 954 465 975 ἱ
492 947 498 961 ⁸
547 848 777 948 Deploratio.

154 1053 256 1107 Fratre
274 1050 314 1121 pii
331 1051 462 1114 tratres,
481 1063 593 1111 soror,
615 1055 644 1101 et
660 1034 849 1106 moestissima
871 1054 1002 1122 conjux,

153 1146 276 1218 Quique
297 1142 534 1212 propinquorum
553 1155 628 1209 grex
649 1150 712 1208 est,
731 1142 922 1214 equitumque
943 1156 1079 1202 catervae.

152 1236 233 1309 Quid
253 1235 468 1301 miserabilius,
492 1233 561 1304 quid
581 1236 787 1290 conturbatius
803 1254 934 1308 unquam

152 1331 221 1384 Hoc
239 1345 309 1381 sene
328 1327 466 1387 vidistis?
496 1326 578 1381 Num
597 1344 667 1398 spes
685 1330 757 1383 huic
774 1331 833 1382 ulla
851 1331 1003 1403 superstes

153 1423 201 1476 Ex
220 1434 299 1474 tanto
318 1421 425 1474 mansit
444 1420 589 1475 cumulo?
607 1438 734 1492 namque
754 1424 894 1478 omnibus
914 1425 1001 1479 iatum

154 1518 229 1568 Ante
247 1515 339 1568 bonis
358 1516 463 1567 tulerat
480 1514 590 1580 miser,
607 1514 673 1568 heac
691 1516 798 1570 solatia
816 1518 903 1572 fessis

152 1607 260 1661 Rebus
283 1607 382 1670 alens,
402 1605 536 1675 sperabat
555 1624 665 1677 opem,
685 1609 852 1679 offoetaequc
868 1620 998 1664 senectae

152 1698 329 1755 Praesidium
349 1697 477 1769 πρώταις
496 1700 590 1768 plenia
608 1700 672 1753 laeta
691 1701 791 1755 omnia
812 1703 891 1755 votis

151 1793 224 1846 Hinc
244 1800 419 1861 sumpturus
440 1801 522 1858 erat,
544 1802 657 1847 tantum
675 1803 823 1864 spectarat
841 1795 870 1848 in
889 1795 938 1848 illa

149 1887 252 1940 Indole
271 1885 390 1939 virtutis
401 1925 410 1952 ‚
430 1885 485 1939 fnit
502 1885 645 1940 inclinare
664 1888 800 1941 voluntas
935 1945 942 1952 ᾗ

150 1979 259 2033 Robur
281 1979 310 2040 in
327 1979 390 2033 hoc
410 1979 694 2049 defectum-aevum,
717 1981 859 2052 viresque
879 1983 1013 2038 caducas.

150 2074 187 2125 At
209 2073 319 2125 frustra
338 2081 489 2143 speratum
508 2088 606 2140 aegro,
626 2081 657 2126 tu
676 2073 783 2127 frivola
804 2076 880 2129 falso
902 2092 934 2131 es

151 2164 236 2218 Sors!
256 2163 386 2217 blandita
407 2164 493 2232 senl5
516 2166 570 2219 sed
589 2166 700 2219 ethaeo
719 2168 759 2219 nil
780 2169 892 2222 certius
913 2169 966 2223 abs
986 2177 1014 2222 te

152 2257 206 2326 Spe
224 2274 369 2328 suspensa
388 2256 455 2310 tulit
462 2277 475 2326 ;
494 2259 577 2312 sedet
596 2263 649 2312 en!
669 2260 854 2316 moestissima
874 2262 1008 2331 conjux,

152 2347 376 2422 Dimidiumqne
396 2350 441 2407 aui
461 2351 597 2421 queritur
616 2352 802 2420 miseranda,
820 2355 913 2424 jugali

153 2440 220 2494 Sola
239 2442 341 2495 relicta
360 2443 449 2497 thoro
460 2464 471 2511 ;
498 2455 560 2498 tum
578 2445 630 2499 vix
646 2455 756 2512 gustata
778 2447 916 2518 voluptas

152 2535 315 2602 Occurrit,
335 2538 468 2610 raptique
483 2538 566 2607 joci,
590 2539 813 2609 interruptaque
836 2556 926 2593 cursu

150 2626 264 2683 Gaudia
282 2629 447 2700 praecipiti,
467 2640 497 2683 et
513 2632 645 2685 nondum
670 2631 769 2685 satiata
789 2630 922 2702 cupido,

149 2721 204 2774 Sed
223 2735 308 2792 rapto
329 2740 477 2778 succensa
496 2726 595 2779 animo
606 2766 614 2792 ‚
636 2725 810 2795 viduataque
829 2723 910 2778 dulci

150 2812 261 2868 Infelix
279 2824 422 2869 consorte
441 2817 541 2884 dolet,
561 2835 618 2872 nec
642 2816 769 2871 amabile
789 2834 910 2871 carmen

149 2905 181 2960 ln
199 2907 301 2961 medio
317 2918 420 2964 versat
439 2909 536 2963 luctu.⁴
569 2911 617 2964 Sic
637 2920 758 2966 moestus
776 2911 911 2983 adempta

148 3001 257 3066 affligit
274 3018 305 3055 ae
324 3010 421 3057 turtur
440 3020 513 3069 ave,
533 3003 662 3072 fletuque
684 3004 781 3072 fatigat
792 3044 801 3072 ,

148 3092 188 3146 Et
206 3095 331 3163 quernlo
351 3095 460 3164 frangit
478 3096 611 3164 gemitu,
631 3096 774 3167 solusque
793 3096 897 3150 relicto

149 3187 284 3241 Considit
301 3188 394 3256 nido,
414 3188 597 3259 desertisque
615 3188 727 3245 involat
745 3188 879 3255 umbris,

147 3279 265 3333 Amissa
282 3281 387 3349 lugens
407 3277 507 3348 socia,
525 3298 582 3334 nec
595 3282 659 3349 jam
678 3280 788 3351 appetit
805 3280 884 3334 ullos

147 3372 232 3428 Ultra
252 3374 451 3442 concubitus,
469 3374 611 3444 nudoque
629 3374 781 3444 perarida
802 3390 888 3427 ramo
947 3422 955 3438 ,

145 3465 318 3536 Prospicit,
340 3477 368 3520 et
386 3467 524 3521 turbante
543 3467 621 3521 sitim
641 3467 794 3535 restinguit
812 3466 849 3520 ab
868 3464 964 3534 und23

145 3556 213 3612 Nec
232 3569 341 3630 questu
359 3560 497 3626 graviore
516 3574 601 3614 sonat
620 3558 651 3627 ⁸)
670 3559 868 3628 lacrymabilia
888 3559 990 3629 implet

147 3651 341 3706 Commotum
361 3651 531 3711 Philomela
548 3667 673 3718 nemus,
693 3661 859 3721 moeretque
879 3651 1013 3706 canendo

147 3743 345 3812 Threicium,
363 3747 411 3815 pia
428 3755 542 3812 mater,
561 3746 648 3815 Itym.
686 3744 761 3817 Quia
780 3745 903 3798 eredere
924 3754 1045 3815 posset,

145 3837 210 3892 Tot
222 3839 286 3907 jam
305 3839 390 3893 triste
408 3838 496 3892 bonis
513 3854 581 3892 sese
601 3836 812 3906 objicientibus
832 3837 917 3891 ultro

143 3931 296 4001 lrreptum
316 3932 360 3985 ire
380 3933 517 3991 malum?
541 3940 570 3984 et
590 3929 685 3984 medlo
703 3930 779 3983 inter
797 3929 862 3983 taeta
882 3939 1004 3999 repente

143 4023 176 4077 T
178 4023 317 4078 urbatum
337 4023 435 4077 induci
455 4033 573 4094 tempus
582 4042 593 4091 3
613 4023 717 4076 fallace
734 4038 842 4075 sereno

144 4115 256 4188 Qualia
278 4129 419 4173 contecto
439 4116 594 4170 involvunt
611 4133 643 4169 se
661 4116 761 4173 nubila
781 4116 865 4181 aole,

140 4208 351 4283 Ereptumque
372 4212 449 4264 diem
468 4211 617 4263 infuscant
629 4196 744 4282 ?'Quas
763 4208 848 4262 anxia
868 4208 993 4261 fratrum

142 4301 255 4356 Turba
273 4313 376 4358 movet
392 4303 557 4373 lacrymas,
575 4317 648 4373 quas
666 4319 728 4356 non
747 4303 852 4356 affecta
869 4301 980 4356 minori

179 4501 209 4551 ¹)
225 4509 312 4548 sonat.
348 4514 442 4548 sonans.
