2624 5108
606 134 608 145 t

495 784 532 859 in
557 784 704 859 Tuscos.
1035 789 1105 865 sn

93 981 237 1061 guinem,
270 966 399 1042 devicta
426 977 534 1057 Syria,
563 988 595 1040 et
623 978 775 1060 quicquid
806 978 902 1058 juxte·
928 988 1105 1046 dundanae

93 1079 288 1158 possidebat,
319 1080 410 1141 simrd
427 1080 593 1161 Aegypto,
614 1078 653 1137 ad
671 1076 782 1158 jugum
800 1081 910 1155 ducta,
945 1100 1052 1143 omnes
1071 1080 1105 1143 in

93 1201 152 1241 nos
171 1179 399 1260 cogitationes,
420 1178 653 1260 aeuniversam
673 1177 746 1239 belli
764 1179 878 1239 molem
899 1191 1103 1255 convertens,

95 1277 213 1342 cladem
232 1278 340 1352 ltaliae,
367 1277 539 1340 vastitatem
561 1275 748 1351 Parmoniis,
777 1276 902 1355 Illyrico
928 1298 964 1338 ac
985 1280 1104 1341 Sarma·

95 1380 162 1452 tie,
194 1389 355 1458 postremo
379 1368 472 1440 nobis
495 1396 631 1459 ,quoque
651 1376 824 1456 periculum
843 1376 983 1439 nitentat.
1020 1378 1105 1439 Huic

95 1479 147 1538 tali
165 1489 226 1540 tam
245 1479 373 1541 furiosae
399 1469 507 1540 bellue
534 1475 578 1535 sic
596 1495 654 1536 nos
674 1477 809 1556 petenti,
838 1487 873 1538 ut
891 1477 1031 1540 alacriter
1051 1498 1105 1538 oc·

95 1598 275 1651 curramus,
314 1581 366 1638 vel
398 1579 501 1657 ipsum
532 1575 704 1637 Germanlae
733 1576 939 1653 vocabulum,
976 1577 1124 1640 incitare·

97 1677 201 1739 debet.
249 1680 328 1739 Nam
357 1675 385 1738 si
413 1676 453 1737 ad
477 1673 611 1737 nominis
641 1673 873 1758 ethimologiam
901 1676 1103 1755 respicimus,

97 1776 180 1838 idem
204 1788 251 1838 est
279 1777 433 1838 ideomate
457 1785 566 1837 nostro
599 1783 795 1852 Gerrmmu,
830 1776 919 1858 quod
943 1776 1037 1839 latine
1063 1797 1105 1839 ex

97 1888 165 1937 toto
193 1876 259 1950 vir,
291 1887 346 1937 aut
369 1873 498 1936 omnino
522 1873 591 1947 vir,
626 1885 680 1935 aut
698 1874 838 1954 perfecte
863 1875 932 1951 vir,
963 1875 1053 1959 quasi
1071 1887 1107 1938 tu

98 1975 198 2048 dicas,
231 1975 269 2035 ab
290 1973 375 2037 omni
392 1972 508 2037 virtute
527 1986 773 2036 consummatum
800 1977 967 2038 bominem.
1010 1977 1105 2039 Adeo

98 2074 225 2150 enim*)
251 2074 380 2135 luerunt
406 2072 489 2135 circa
513 2073 619 2151 glorier
637 2075 775 2143 studium
794 2074 949 2139 ambitiosi
968 2074 1105 2150 nnjores

99 2173 216 2247 nostri,
235 2185 272 2233 nt
290 2192 401 2233 vocem
422 2192 552 2255 quoqne
572 2175 788 2247 vellentem,
813 2194 882 2255 quar
901 2173 941 2233 ad
958 2172 1108 2236 virtutem

100 2275 285 2334 hortaretur.
323 2274 364 2333 Et
382 2282 547 2353 gesserunt
564 2272 607 2333 illi
624 2294 676 2335 res
695 2273 860 2345 maximas,
882 2290 918 2331 ac
937 2271 1028 2332 nobis
1049 2291 1108 2349 per

99 2390 207 2431 manus
236 2371 429 2433 tradiderunt
451 2372 596 2453 gloriam,
628 2392 720 2455 quam
739 2371 799 2432 nisi
817 2370 998 2444 asserimus,
1031 2388 1108 2433 vere

102 2469 249 2531 Germani
269 2492 334 2531 non
352 2492 469 2535 sumus.
507 2473 570 2534 sed
587 2483 624 2535 ul
641 2473 754 2546 simus,
774 2472 808 2532 iu
826 2482 930 2533 vestra
947 2470 1042 2533 sitnm
1060 2480 1108 2532 ott

101 2568 269 2631 voluntate.
307 2572 385 2639 Nam
405 2573 445 2631 de
461 2571 588 2654 reliquis
611 2572 692 2633 bene
711 2571 820 2646 habet,
838 2580 1008 2634 etsumtus
1027 2589 1109 2652 quo·

100 2691 164 2752 que
183 2670 343 2731 suffecturi
363 2670 518 2735 videntur.
563 2671 665 2732 Valde
684 2671 768 2733 enim
786 2669 861 2733 milti
878 2671 1031 2752 probatur
1048 2671 1110 2732 ltoc

101 2770 280 2846 consilium,
301 2771 389 2853 quod
407 2772 523 2852 agitare
544 2771 696 2853 quosdam
715 2771 832 2847 video,
849 2780 885 2833 ut
902 2790 922 2831 a
940 2768 1110 2834 sacerdoti·

99 2870 176 2945 ltus,
198 2873 254 2932 sed
273 2870 351 2947 illis,
382 2872 436 2955 qui
462 2892 567 2954 neque
585 2872 759 2933 militabunt
775 2871 858 2952 ipsi,
887 2881 920 2933 et
937 2870 1032 2934 rebus
1053 2870 1108 2931 ad·

101 2971 218 3031 victum
247 2971 428 3034 necessariis
451 2971 597 3034 omnibus
625 2972 739 3033 affatim
767 2971 941 3044 abundant,
970 2969 1111 3051 pecuniae

101 3080 257 3147 petentur.
308 3072 350 3132 Ut
380 3072 454 3133 item
480 3073 519 3132 ab
538 3071 785 3151 opulentissimo
816 3090 945 3154 quoque
975 3091 1109 3145 eorum,

103 3168 158 3250 qni
187 3168 221 3229 in
245 3169 350 3229 liberis
376 3169 551 3232 civitatibus
578 3172 724 3233 otiantur.
770 3173 838 3234 Nec
856 3169 998 3238 defuturi
1017 3169 1110 3233 nobit

103 3267 147 3347 pii
173 3255 367 3342 sacerdotes,
399 3268 475 3330 boni
493 3268 588 3332 ,cives
614 3271 771 3334 videntur.
819 3275 902 3336 Tum
930 3273 1006 3337 illud
1024 3284 1112 3336 recte

102 3369 337 3450 excogitatum,
366 3380 401 3459 ut
427 3389 468 3430 ex
493 3371 622 3454 singulis
645 3373 776 3436 fratrum
802 3373 960 3455 collegiis,
997 3372 1113 3455 singuli

105 3471 280 3544 mittantur,
300 3469 375 3551 ·qui
404 3472 584 3534 monasterii
615 3473 665 3535 sui
694 3474 852 3554 stipendio
883 3474 1030 3550 militent,
1068 3494 1112 3535 ex

105 3570 308 3651 quilmsdam,
327 3579 362 3632 ut
378 3568 505 3650 facultas
520 3571 593 3646 erit,
613 3572 689 3633 bini.
728 3574 816 3636 ldem
833 3576 916 3654 apud
931 3573 1113 3637 Canonicos

104 3672 158 3731 liat
172 3669 220 3744 ⁴⁵⁸)
240 3671 389 3733 delectus.
427 3668 582 3731 Tribuant
597 3670 665 3744 sss)
685 3680 717 3730 et
734 3669 890 3746 civitates,
912 3692 981 3754 quar
998 3691 1116 3733 vocam

105 3782 158 3831 tur
177 3770 291 3831 liberae.
338 3769 637 3832 ric-mercatoribus
663 3768 835 3848 imperetur
849 3772 934 3847 osea)
963 3771 1115 3851 vectigal,

107 3870 153 3930 his
173 3869 360 3949 praesertim,
390 3869 447 3953 qui
472 3888 607 3957 peregre
626 3868 844 3949 negotiantur,
873 3880 927 3931 aut
945 3868 1000 3951 qui
1021 3865 1117 3946 pluri»

107 3990 190 4031 mum
221 3973 389 4033 lucrantur.
444 3958 566 4048 Quibus
600 3968 773 4036 rationibus
809 3967 937 4031 minimo
979 3958 1117 4031 omniurn

106 4070 289 4150 dispendio,
302 4071 466 4133 maximam
476 4068 677 4133 conficiemus
687 4068 871 4150 pecuniam,
885 4088 947 4153 qua
958 4067 1119 4152 ingentem

111 4216 300 4230 u*

144 4297 174 4353 'l
193 4305 250 4351 narb
269 4307 354 4351 Adeo:
380 4309 445 4353 enlm
463 4307 549 4361 telget.
584 4298 708 4363 “mov
735 4309 784 4355 fiet.
829 4298 893 4360 Μ)
913 4307 1051 4354 Trlluant:
1067 4304 1120 4353 ‘l‘rl-

142 4383 220 4435 luent.
257 4379 335 4448 W)
353 4393 505 4445 imperetur:
523 4391 682 4449 imperabitur.
