2624 5108
210 890 281 963 tls
510 887 642 962 Oratio
665 886 914 961 Decimarum.

209 1080 351 1156 Caesare,
374 1090 407 1142 et
425 1080 589 1143 Germanis
607 1075 800 1160 principibus
820 1097 906 1152 esse,
931 1087 964 1138 ct
982 1074 1122 1141 residere
1141 1074 1229 1142 arbl-

208 1192 316 1244 tratur.
353 1180 422 1242 Nec
440 1200 499 1242 nos
519 1181 693 1264 degeneres
712 1177 839 1239 luturos
859 1177 898 1238 ab
921 1177 1111 1253 ottonibus,
1137 1180 1229 1243 llen·

208 1281 296 1357 meis,
316 1291 349 1343 et
367 1281 401 1343 id
420 1301 520 1363 genus
542 1279 607 1341 aliis
627 1278 681 1355 (in
700 1277 841 1357 periculo
860 1277 1032 1357 presertim
1051 1278 1228 1362 religionis,

209 1393 241 1444 et
258 1382 403 1463 imperii)
423 1380 483 1443 sibi
502 1379 679 1461 persuadet.
718 1377 823 1439 Nolite
842 1376 950 1460 itaque
967 1376 1049 1459 pati,
1077 1389 1230 1462 utquam

209 1493 322 1544 tantam
352 1482 393 1544 de
426 1479 517 1542 vobis
552 1476 734 1558 opinionem
767 1489 1001 1559 conceperunt,
1040 1476 1157 1543 irritam
1188 1498 1229 1544 ac

208 1580 332 1647 inanem
359 1581 457 1643 luisse
479 1589 591 1659 postea
616 1577 789 1652 fateantur,
822 1579 994 1656 presertim
1018 1600 1089 1642 cunr
1118 1581 1227 1662 praesi-

208 1682 285 1749 dere
310 1682 415 1745 Deum
439 1680 515 1760 Opt⁴
539 1680 629 1742 Max.
656 1678 769 1741 vestris
795 1677 941 1743 ductibus
959 1679 1104 1745 sciamiu.
1142 1680 1229 1746 Cum

208 1783 291 1845 euim
316 1799 408 1842 causa
427 1779 491 1840 hec
516 1777 636 1862 agitur,
670 1776 731 1841 Dei
752 1798 845 1840 causa
864 1778 977 1861 agitur.
1016 1778 1099 1844 Cum
1118 1781 1151 1844 in
1169 1802 1228 1844 ne-

113 1954 120 1965 ,
207 1881 336 1954 larium,
360 1879 582 1962 impurumque
604 1880 742 1941 'l'urcam
761 1876 842 1939 acies
861 1878 1045 1957 instruitur,
1072 1903 1134 1963 pro
1152 1883 1232 1947 Deo

206 1994 377 2064 pugnatur.
428 1978 511 2045 Cum
531 1980 565 2042 in
590 1982 651 2041 boc
680 2000 781 2060 genus
807 1978 916 2040 mortis
941 1979 1019 2054 itur,
1057 2003 1118 2062 pro
1153 1984 1226 2046 Deo

207 2082 356 2145 cadimus.
395 2079 590 2144 Felicissimae
609 2079 756 2160 prolecto
784 2078 892 2141 mortis
920 2101 1038 2162 genus,
1068 2103 1135 2164 quo
1163 2084 1229 2146 vita

207 2193 421 2265 comparatur,
446 2192 479 2243 et
495 2200 533 2243 ea
553 2190 675 2249 aeterna.
713 2180 764 2240 An
776 2178 860 2241 l'orte
874 2178 1044 2265 timendum
1058 2183 1153 2244 vobis
1167 2196 1228 2262 est,

208 2283 374 2359 Germani,
393 2293 430 2345 ut
445 2281 588 2345 bostibus
600 2280 735 2355 cedatis,
752 2279 809 2365 qui
822 2280 904 2360 ipsas
923 2300 1055 2365 quoque
1067 2285 1228 2350 Romanas

207 2383 368 2466 legiones,
400 2381 474 2446 alias
503 2382 652 2455 invictus„
682 2378 903 2463 profligastis?
938 2382 1008 2445 Etsi
1034 2384 1138 2460 enim,
1170 2384 1228 2469 qui

208 2484 346 2549 imminet
366 2483 482 2558 hostis,
507 2470 567 2546 late
586 2479 782 2557 dominetur,
818 2502 859 2544 ne
878 2480 979 2545 (boam
1000 2495 1133 2566 regnet,
1153 2484 1228 2547 licet

209 2586 347 2666 Syriam,
367 2594 399 2645 et
412 2587 592 2666 Aegyptum
607 2600 710 2662 nuper
726 2580 903 2660 subegerit,
923 2583 948 2644 si
964 2594 1067 2645 tamen
1084 2585 1122 2646 ad
1139 2606 1229 2647 men-

208 2697 271 2749 tem
296 2704 501 2759 revocemus,
546 2701 618 2745 curn
644 2680 716 2762 quis
747 2702 903 2763 pugnam,
949 2704 1123 2767 manusque
1151 2705 1228 2747 eon·

209 2785 364 2860 seruerit,
395 2780 470 2846 nihil
501 2796 565 2860 est,
601 2781 690 2866 quod
720 2783 800 2861 ultra
827 2783 1032 2857 admiremur,
1075 2805 1169 2868 quam
1200 2787 1227 2850 si

208 2887 338 2950 imbellis
369 2885 507 2968 quisque
535 2881 712 2945 devicisset.
766 2878 849 2945 Cum
880 2883 1080 2947 orientalibus
1108 2885 1230 2967 quippe

208 2998 382 3070 pugnatum
407 2997 466 3049 est.
516 2983 634 3058 Sinite,
665 2982 774 3058 sinite,
804 3004 875 3046 cum
901 2984 1067 3047 Germanis
1093 3006 1230 3067 congre.

209 3086 338 3162 diatur,
375 3086 515 3148 inveniet
545 3083 699 3164 legitimos
730 3082 862 3158 milites,
908 3084 1090 3164 experietur
1117 3080 1229 3149 invicti

209 3186 336 3252 roboris
356 3187 460 3262 viros,
478 3185 591 3248 sentiet
608 3183 831 3263 omnipotentis
847 3186 910 3250 Del
927 3187 961 3249 in
981 3189 1073 3250 vobis
1092 3209 1229 3250 manum.

208 3286 446 3371 Prosequimiui
463 3285 547 3348 enim
568 3288 623 3362 (ut
641 3283 782 3346 divinum
799 3306 949 3367 usurpem
971 3289 1152 3365 oraculum)
1170 3289 1229 3352 ini·

210 3389 307 3453 micos
328 3398 468 3460 vestros,
496 3395 527 3445 et
546 3394 696 3445 corruent
715 3404 821 3447 coram
841 3387 943 3450 vobis.
987 3388 1230 3471 Prosequentur

211 3486 354 3567 quinque
374 3486 414 3545 ‹le
436 3483 548 3545 vestris
567 3492 693 3545 centum
713 3484 848 3562 alienos,
879 3499 912 3549 et
931 3500 1056 3551 centum
1075 3510 1116 3550 ex
1135 3490 1230 3553 vobis

212 3586 328 3648 decem
345 3584 449 3647 millia.
498 3585 550 3647 Au
576 3584 660 3647 lorte
685 3584 864 3648 abbreviata
888 3599 936 3650 est
958 3608 1067 3649 manus
1087 3589 1229 3665 Domini,

210 3697 246 3748 ut
266 3687 386 3748 salvare
404 3685 569 3768 nequeat?
600 3686 638 3747 ln
657 3696 805 3767 promptu
824 3698 890 3766 est,
919 3689 1005 3751 uude
1023 3700 1230 3755 convertatur

210 3784 317 3863 neris,
336 3798 369 3848 et
386 3786 539 3868 ignoscat.
562 3788 706 3850 'Dabunt
725 3788 880 3872 siquidem
894 3799 942 3851 tot
960 3789 1053 3853 millia
1067 3791 1231 3853 hominum

211 3908 327 3952 nomen
354 3888 387 3949 in
414 3887 536 3953 Christi
563 3887 725 3955 militiam:
764 3891 887 3971 signum
906 3891 1029 3966 crucis,
1066 3891 1230 3971 eidparum

213 3991 352 4053 omnium
370 3988 581 4070 expiaturum,
605 3999 688 4048 tanta
707 3991 872 4052 multitudo
894 3991 1062 4070 suscipiet,
1084 3989 1231 4053 crimina-

212 4110 277 4174 que
295 4099 402 4153 nostra
419 4089 534 4170 passim
553 4088 611 4172 piis
632 4090 664 4151 in
680 4101 820 4153 sanctum
836 4093 897 4153 lroe
914 4112 994 4172 opus
1013 4090 1231 4174 largitionibus

212 4189 419 4266 redimemus,
441 4201 475 4252 ut
492 4192 604 4272 procul
617 4189 716 4253 dubio
733 4190 832 4253 lactus
848 4210 941 4265 caro,
962 4202 993 4254 et
1006 4191 1103 4254 lrater
1120 4201 1233 4252 noster

212 4290 319 4370 Deus,
347 4312 414 4355 non
440 4292 545 4353 seviat
570 4292 603 4353 in
627 4310 719 4367 siros,
752 4290 901 4375 quicum
918 4312 984 4354 non
1002 4291 1064 4355 nisi
1081 4290 1233 4355 dominus

213 4393 338 4457 humani
369 4393 494 4472 generis
520 4404 621 4469 esset,
656 4391 809 4475 pugnavit
835 4415 895 4474 pro
924 4390 1073 4455 externis.
1120 4390 1231 4473 Agite,

215 4494 304 4577 ‹psod
324 4504 429 4557 vestre
446 4494 585 4570 irterest,
606 4506 639 4559 et
653 4493 779 4570 uenite,
802 4504 835 4557 et
854 4494 977 4578 arguite
994 4512 1065 4569 ne,
1083 4491 1110 4554 si
1129 4492 1234 4555 deero
