2624 5108
622 68 740 245 Ι
859 122 860 133 l

497 817 626 902 Oratio
654 827 806 919 Quarta.
1097 834 1163 907 175

144 1022 294 1099 morbos,
334 1038 444 1083 ornnes
472 1040 599 1099 cruces,
635 1017 774 1103 denique
803 1020 956 1103 quicquid
982 1018 1047 1086 istis
1072 1020 1165 1104 pejus

140 1123 283 1185 accidere
293 1120 415 1184 bomini
428 1131 549 1202 potest,
569 1118 748 1202 imprecor,
770 1141 877 1204 neque
891 1132 953 1184 tam
967 1143 1048 1203 ego,
1071 1145 1166 1207 quarn

142 1244 252 1287 omnes
280 1220 349 1297 isti,
391 1219 508 1304 quibus
539 1231 576 1285 tu
599 1223 701 1285 luctus
726 1221 903 1299 materiam,
944 1223 1009 1285 odii
1039 1244 1166 1288 eausam

140 1322 281 1387 tribuisti
300 1320 526 1385 scelestissime.
566 1322 671 1402 Quem
685 1320 813 1405 quidem
825 1322 971 1396 onnribus
987 1324 1166 1387 foedissimis

142 1422 374 1505 turpitudinum
404 1421 487 1483 notis
520 1420 651 1485 oblitum
683 1443 755 1487 cum
792 1422 896 1487 laetitia
927 1422 1088 1501 videmus,
1133 1437 1166 1488 at

140 1524 242 1587 lartius
279 1522 380 1586 adbuc
412 1524 510 1585 multo
548 1522 735 1585 crucifixum
767 1522 1032 1604 conspicaremur.
1087 1523 1167 1589 Nam

142 1624 204 1689 etsi
234 1625 302 1687 baec
326 1622 452 1686 infernis
474 1634 527 1686 tua
547 1618 774 1703 jucundissime
807 1624 898 1691 afficit
923 1624 1028 1687 bonos
1058 1625 1166 1704 viros,

140 1727 218 1812 quia
231 1736 337 1789 tamen
356 1725 474 1788 nullum
494 1736 663 1785 moerorem
676 1724 791 1786 afferre
810 1719 867 1785 tibi
883 1725 1040 1805 perfricta
1051 1724 1168 1790 lrontis

138 1824 261 1891 bomini
279 1823 429 1900 videtur,
448 1825 552 1887 minus
572 1835 689 1887 saturat
703 1835 848 1887 nostrum
860 1826 900 1888 de
915 1834 947 1888 te
963 1826 1168 1891 desiderium.
1235 1846 1239 1855 ’

141 1928 249 1991 Porro
268 1927 427 1990 neminem
441 1946 511 1990 esse
525 1936 682 2002 vestrum,
704 1925 869 2001 Germani,
891 1927 1053 2008 suspicor,
1076 1929 1133 2013 qui
1151 1951 1170 1990 a

140 2027 317 2092 maledictis
334 2026 552 2090 abstinendum
577 2026 671 2089 nobis
700 2037 763 2087 tam
788 2025 960 2093 crudeliter
987 2029 1170 2110 provocatis

142 2127 268 2193 sentiat.
306 2128 360 2190 Au
384 2139 432 2190 est
459 2126 590 2210 aliquod
613 2138 676 2189 tarn
699 2126 913 2191 necessarium
933 2129 1028 2191 officii
1047 2152 1169 2213 genus,

120 2228 236 2308 eujus
262 2248 330 2292 non
355 2218 500 2289 oblivisci
529 2226 599 2310 quis
628 2226 661 2289 in
688 2238 775 2290 tanto
803 2229 915 2292 dolore
947 2230 1074 2310 possit?
1115 2231 1169 2292 Tu

144 2325 333 2392 actamantini
371 2326 478 2390 cordis
512 2329 609 2390 homo
644 2326 752 2391 sutura
783 2330 849 2393 baec
883 2328 1022 2404 sciebas,
1070 2339 1103 2389 et
1135 2339 1171 2391 ut
1206 2340 1215 2349 ·

148 2432 283 2507 fierent,
317 2427 458 2493 studium
482 2428 650 2493 adhibuisti
670 2441 775 2504 urum,
813 2439 846 2490 et
864 2426 928 2508 jam
945 2427 1120 2508 perfecisse
1139 2440 1170 2491 te

150 2528 253 2610 juvat,
273 2539 305 2591 et
323 2528 417 2591 nobis
434 2531 614 2592 dolentibus
630 2541 664 2591 tu
689 2528 827 2612 quodam
845 2528 1028 2609 importuno
1051 2529 1170 2609 gaudio

148 2630 294 2706 insultas,
333 2650 369 2690 ac
395 2630 540 2692 misertos
566 2629 667 2692 nostri
694 2634 787 2710 poena
816 2628 927 2704 afficis,
962 2652 1044 2712 quos
1068 2642 1171 2712 potes.

146 2731 200 2794 An
219 2752 287 2793 non
306 2729 393 2793 illurn
410 2730 525 2793 iterum
544 2732 683 2814 equitem
697 2750 810 2810 magna
829 2729 911 2790 inter
925 2732 1059 2813 aequales
1079 2731 1171 2793 laude

147 2840 323 2908 versatann,
361 2832 450 2915 quod
480 2833 684 2894 innocentem
710 2832 764 2895 abs
792 2843 824 2893 te
844 2831 984 2894 occisum
1005 2832 1172 2911 deplorare

146 2952 243 2996 ausus
256 2942 360 3006 esset,
380 2931 513 2993 confodi
532 2929 675 3012 jussisti?
696 2934 763 2995 Aut
781 2954 878 3016 negas
898 2933 952 2994 abs
973 2944 1003 2994 te
1017 2932 1172 2995 immissos

147 3052 206 3095 eos
223 3030 457 3115 percussores?
492 3034 544 3092 vel
564 3043 595 3092 te
616 3033 726 3096 neseio
747 3030 809 3096 ais.
843 3045 875 3095 et
893 3054 960 3095 non
978 3033 1172 3097 subornante

148 3132 229 3195 illud
255 3141 419 3215 peractum
446 3131 637 3213 negotium?
675 3135 749 3199 llon
777 3133 858 3194 adeo
891 3132 1027 3195 obscure
1055 3131 1174 3194 lactum

149 3243 220 3308 est,
248 3245 285 3295 ut
310 3253 376 3316 qno
404 3243 516 3294 autore
541 3232 659 3293 lactum
686 3233 744 3309 sit,
775 3232 951 3315 ignoretur.
991 3231 1050 3293 Vis
1077 3231 1174 3312 igitur

151 3344 297 3396 extrema
329 3331 499 3395 atrocitatis
540 3333 746 3413 appellatione
783 3329 1007 3394 misericordiae
1044 3329 1174 3410 punitor

148 3432 280 3503 vocari,
310 3444 363 3496 aut
389 3454 446 3494 cur
466 3454 532 3495 non
551 3433 645 3510 velis,
675 3455 800 3501 causam
818 3432 940 3496 babes?
974 3431 1175 3514 Nequissime

152 3533 296 3597 omnirmr
314 3532 484 3614 bipedum,
521 3532 573 3595 cui
600 3545 647 3595 tot
673 3532 822 3599 ominosa
849 3533 1074 3614 appellationes
1099 3552 1175 3594 eon-

153 3632 306 3709 veniunt,
329 3637 415 3696 nulla
433 3633 508 3697 satis
527 3646 584 3696 est.
634 3634 686 3694 Tu
706 3643 809 3692 tamen
830 3644 955 3695 erectus
972 3654 1024 3708 es,
1053 3635 1175 3710 audax,

155 3742 190 3795 et
209 3731 364 3795 insolens!
404 3746 436 3794 et
461 3742 531 3817 quae
557 3756 617 3797 nos
642 3734 683 3794 de
701 3727 844 3810 injuriis,
883 3752 920 3793 ac
943 3733 1097 3810 pravitate
1124 3744 1177 3794 tua

154 3833 373 3914 deploramus,
401 3844 435 3896 tu
459 3833 609 3897 inrisum
628 3830 742 3905 vertis3
776 3849 913 3911 cumque
932 3833 1030 3892 semel
1053 3831 1178 3911 perfre-

153 3933 244 4017 geris
261 3933 472 3997 circumdatos
496 3934 617 3997 malitiae
642 3945 702 3996 tuae
721 3930 894 4005 cancellos,
926 3940 957 3992 et
983 3951 1025 3992 ex
1049 3942 1178 3992 tuorum

153 4032 249 4097 terro
287 4054 323 4096 ac
353 4036 475 4097 flamma
502 4033 697 4108 evolaveris,
746 4051 880 4115 quoquo
911 4028 1094 4111 pervenias,
1133 4027 1179 4096 ibi

154 4135 365 4219 gramadum
383 4133 442 4197 tibi
462 4135 493 4212 a)
512 4156 613 4216 puae.
651 4134 776 4196 Verum
790 4131 850 4194 uisi
869 4127 974 4193 onmia
987 4150 1046 4191 nos
1058 4127 1180 4203 fallunt,

156 4246 188 4299 et
205 4233 287 4299 nibil
305 4233 426 4318 ubique
445 4236 544 4298 fidum
565 4246 631 4312 est,
660 4233 776 4296 sentiet
795 4229 979 4307 Germania,
1000 4248 1181 4311 quanquam

192 4462 223 4524 ¹⁸)
241 4470 370 4519 zwtsebru
387 4470 433 4520 tlbt
446 4491 479 4508 ..
495 4474 578 4530 putas:
597 4486 649 4519 esse
667 4466 886 4529 dorchaestriehen.
