2850 4732
594 931 722 986 Ultioi
750 931 795 985 de
821 931 972 986 Huttcn

462 1089 502 1152 in
520 1089 725 1154 Libeltum
743 1087 958 1162 Laurentii
977 1085 1107 1150 Velle·

277 1251 487 1318 contra
522 1244 806 1320 effictam
843 1255 898 1317 ot
942 1239 1291 1315 ementitam

358 1408 759 1494 Constantini
794 1409 1202 1498 donationem,

504 1591 547 1646 ed
572 1592 745 1648 Leonem
767 1591 798 1652 X
822 1592 932 1648 Pont.
960 1589 1059 1646 Mox.

633 1743 926 1848 Proetttio.

273 2061 428 2170 Tandem
455 2119 584 2174 corum,
616 2100 672 2183 qui
691 2119 710 2160 e
728 2097 921 2182 divulgando
941 2107 1112 2166 Laurentii
1132 2104 1237 2160 Vatia
1256 2091 1291 2156 in

273 2210 473 2265 Constantini
498 2199 703 2263 donationem
728 2199 832 2262 libello
861 2198 1061 2262 deterrebant
1087 2196 1289 2280 opinionem,
1324 2245 1333 2262 .

275 2310 329 2363 tua
349 2299 484 2382 pervicit
512 2299 674 2381 splendida
693 2311 724 2363 ct
743 2298 967 2362 consolationis
988 2302 1079 2380 plens
1100 2295 1290 2378 promissio,

272 2401 471 2486 pontificatus
490 2400 536 2462 tui
556 2400 663 2476 initio,
689 2400 819 2482 jubente
839 2411 891 2475 te,
912 2419 1079 2480 expressa,
1108 2410 1197 2479 pster
1215 2397 1290 2460 bes·

271 2499 400 2566 tissime.
445 2501 620 2583 Postquam
650 2512 682 2562 tu
707 2502 803 2563 semel
838 2497 937 2573 enirn,
971 2484 1201 2562 conticescente
1225 2495 1290 2578 jem

272 2601 383 2665 bellica
409 2613 493 2668 Jniii
515 2601 647 2664 secundi
674 2602 769 2678 tuba,
803 2599 899 2664 veluti
919 2599 1004 2682 pacis
1025 2621 1178 2684 percusso
1205 2620 1291 2678 cym-

271 2702 359 2778 balo,
397 2702 507 2766 orbem
537 2701 749 2768 Christianum
778 2701 818 2764 nt
846 2721 935 2782 spem
958 2699 1108 2763 libertatis
1140 2696 1290 2775 erexisti,

272 2803 377 2868 omnia
396 2823 506 2868 omnes
525 2824 594 2885 que
615 2802 710 2865 licere
736 2802 855 2876 sciunt,
887 2802 1068 2882 usurpanda
1092 2801 1152 2862 sibi
1170 2811 1291 2882 putant.

271 2906 345 2988 Ego
368 2925 466 2978 vero,
493 2903 551 2965 etsi
577 2912 649 2964 ante
667 2919 836 2982 persuasus
857 2926 960 2982 erem,
990 2902 1018 2966 si
1044 2915 1074 2966 te
1093 2901 1292 2982 contingeret

272 3027 397 3066 summm
438 3023 546 3066 rerum
580 3021 736 3083 proeesse,
785 3004 1042 3090 quandoquidem
1084 3002 1129 3066 sic
1166 2999 1291 3064 coluisti

273 3103 390 3182 optime
415 3119 539 3179 semper
566 3101 686 3178 studia,
715 3115 753 3166 ut
781 3116 854 3170 tuus
880 3107 913 3170 in
939 3105 976 3169 iis
1004 3105 1187 3186 profectus,
1219 3123 1291 3164 cunt

273 3201 555 3268 enrditissimorum
581 3203 643 3268 hoc
669 3215 810 3286 tempore
837 3207 980 3270 virorum
1004 3203 1148 3268 doctrina
1174 3200 1291 3287 equari

271 3302 361 3366 facite
377 3314 551 3382 merentur,
570 3325 635 3368 non
651 3327 835 3390 passurum,
854 3318 890 3370 'ut
904 3328 946 3370 ex
961 3317 1103 3370 veterum
1120 3325 1292 3368 monumen

272 3403 310 3468 tis
339 3403 491 3488 quicquid
510 3415 541 3468 te
560 3405 710 3488 pontifice
731 3407 900 3489 depereat,
928 3419 1031 3471 temen
1051 3405 1107 3470 ubi
1127 3405 1208 3468 iliam
1227 3403 1290 3487 legi

272 3505 397 3586 publice
411 3503 443 3567 in
458 3505 544 3570 ltntit
558 3506 752 3588 propositam
768 3507 1020 3588 inscriptionem:
1047 3518 1148 3574 Leoni
1160 3517 1290 3573 Decimo

272 3615 425 3684 Pontifici
449 3615 604 3674 Maximo
626 3618 855 3677 Restnuratori
878 3617 996 3687 Pacis,
1031 3609 1130 3673 exilui
1159 3619 1290 3691 repente

274 3708 411 3788 quodam
438 3706 611 3772 concitatus
637 3705 769 3770 mirifice
795 3705 958 3788 inopinato
984 3707 1119 3792 gaudio,
1151 3707 1289 3792 mihique

271 3805 431 3881 redditus,
463 3825 505 3866 ex
532 3805 680 3870 diuturne
707 3805 796 3890 prius
822 3807 915 3872 enimi
941 3810 1169 3883 commotione,
1203 3807 1291 3892 quod

271 3903 414 3968 viderem
438 3905 567 3988 indigne
594 3908 689 3972 mults
707 3907 767 3970 sub
788 3907 926 3988 tyrannis
946 3909 1148 3990 pontificibus
1167 3905 1291 3989 perpeti

272 4003 431 4068 nationem
459 4008 548 4069 harre.
607 4005 717 4090 ltaque
743 4009 816 4072 huic
850 4010 991 4094 gratulor
1023 4008 1120 4084 retati,
1162 4029 1231 4092 quse
1259 4017 1291 4070 ts
