2624 5108
10 33 924 427 -Ι
712 155 713 174 i

26 430 30 441 ¹
494 432 500 449 ἰ

406 884 637 962 Maximiliani
662 887 826 963 Coeauia
990 906 1007 941 ·'
1040 891 1109 968 291

107 1079 173 1153 Qua
192 1080 278 1134 toties
296 1081 442 1135 Venetam
459 1079 565 1136 virtute
582 1074 712 1152 poteniia
728 1081 819 1137 fracta
837 1089 898 1151 cst,
942 1112 946 1121 ·

173 1173 255 1226 Hanc
273 1173 342 1240 ribi,
371 1175 395 1227 si
414 1174 528 1242 nescia,
557 1175 671 1230 Austria
690 1174 753 1229 sola
770 1175 859 1231 dedit.

104 1263 228 1318 Rhenus
247 1264 283 1317 ab
302 1266 440 1321 Ausoniis
459 1276 599 1339 quantum
618 1267 710 1335 fugit,
736 1267 881 1340 Alpibus,
908 1276 937 1323 et
953 1268 1034 1340 quod

171 1356 241 1409 iiaec
260 1356 334 1409 inter
352 1359 475 1428 spatium
496 1359 603 1413 claudit
620 1366 783 1430 utrumque¹
795 1374 888 1414 marc·

105 1447 182 1503 Tam
201 1448 257 1501 iate
276 1449 400 1518 patrium
419 1466 541 1518 regnum
561 1466 757 1520 exercemus,
783 1461 816 1507 ct
829 1448 900 1507 ittet

171 1541 228 1593 Vix
247 1540 332 1593 etiam
355 1542 488 1612 Odrysiis
502 1544 643 1598 terminat
660 1542 733 1599 ister
751 1545 833 1615 aquia
843 1582 853 1612 ,

102 1632 187 1687 Unde
206 1648 261 1686 nec
282 1632 415 1689 imbelles
433 1635 541 1704 Indos,
568 1636 714 1693 mollesvc
731 1637 869 1705 Sabaon,

171 1724 238 1779 Nec
257 1725 381 1780 Persam
404 1727 515 1783 medias
534 1728 669 1785 ducimus
687 1728 762 1784 inter
780 1744 863 1802 opcs.
903 1742 917 1765 ··
949 1738 959 1763 ““

104 1817 160 1869 Sed
179 1829 271 1884 genua
288 1834 357 1872 acre
374 1820 490 1887 virum,
520 1820 662 1892 ferroque
680 1820 832 1876 horrentia
850 1822 906 1877 iatc

174 1909 313 1978 Agmina,
342 1928 401 1965 non
420 1911 518 1982 aliquo
536 1922 616 1967 nacta
635 1911 740 1969 labore
758 1914 863 1984 premi.
885 1896 888 1901 ’

105 2002 234 2056 Gentem
253 2003 350 2055 animo
370 2003 516 2070 infracto,
545 2004 702 2075 patientem
721 2006 860 2075 frigus-ct
878 2016 998 2074 acetum,

173 2093 307 2164 Tamque
327 2095 403 2147 sitim
422 2094 527 2163 docta,
553 2112 640 2168 quam
661 2096 791 2153 tolerare
811 2099 932 2153 fantem.

103 2185 156 2239 His
177 2203 231 2251 ego
250 2196 294 2239 tot
312 2187 427 2257 populis
446 2186 566 2242 Gaiium
584 2188 746 2259 prohibere
764 2188 931 2255 minacem,

171 2278 281 2347 Deque
299 2286 350 2331 tuo
369 2279 451 2348 potui
474 2278 608 2350 pellere,
628 2289 660 2334 ut
677 2290 760 2347 ante,
779 2281 856 2336 sinu.

103 2368 242 2423 Fortunae
263 2365 315 2422 sed
336 2380 397 2423 erat
416 2372 579 2425 cedendum
597 2373 741 2443 temporis
760 2370 872 2441 hru'us,

173 2460 270 2534 Quam
289 2477 366 2531 saepe
386 2463 505 2517 invitam
524 2463 681 2519 detinuisse
699 2474 799 2519 nocet.

102 2554 193 2610 Nunc
213 2556 314 2607 eadem
336 2566 470 2609 eventum
491 2553 646 2609 meliorem
663 2554 808 2626 spondet,
826 2562 856 2608 et
873 2553 958 2608 audet

141 2666 147 2683 1
170 2647 306 2719 Dicere,
324 2664 357 2700 se
376 2648 444 2701 sacti
464 2646 631 2717 poenituisac
650 2644 706 2701 sui.

104 2740 172 2793 Fata
191 2739 271 2793 datas
290 2756 372 2808 aeqrae
394 2754 493 2791 rerum
513 2740 706 2792 moderentur
724 2735 872 2804 habenas,

173 2832 296 2884 Certum
316 2841 358 2883 est
377 2830 439 2883 aive
458 2828 511 2884 tibi
530 2828 670 2898 vincere,
687 2829 749 2882 sive
766 2829 855 2881 mori.

103 2919 224 2976 Viribus
242 2922 355 2991 imperii
373 2923 483 2978 sociata
503 2923 680 2977 resumimus
698 2938 796 2990 arma,

172 3014 300 3068 Ductori
320 3014 346 3067 in
368 3014 438 3068 fines
458 3012 591 3086 protinus
615 3010 661 3069 ilia
676 3024 755 3069 tuos.

106 3108 198 3159 Arma
218 3123 272 3161 nec
290 3108 440 3176 antiquum
460 3110 571 3161 tantum
588 3104 686 3160 visura
705 3104 899 3174 Tridentum,

174 3200 265 3252 Arma
288 3217 340 3270 per
359 3200 479 3269 Alpinas
495 3200 582 3268 longe
601 3199 715 3254 abitura
732 3199 827 3252 nivea.

108 3289 189 3343 Tum
207 3305 301 3361 neque
320 3292 445 3360 raptoris
462 3290 571 3344 'vecors
596 3282 705 3344 insania
724 3289 821 3357 Galli,

175 3380 303 3449 Euganei
323 3383 447 3436 obsistet
463 3396 521 3435 nec
539 3383 656 3436 domina
680 3382 726 3436 itte
745 3381 845 3436 maris.-

105 3471 178 3529 Non
199 3473 325 3544 aliquem
344 3473 424 3527 dices
441 3470 623 3527 Fridericnm
643 3473 804 3528 animosius
823 3474 897 3541 isse,

172 3565 327 3636 Europam
346 3557 430 3634 nique
449 3564 548 3618 Asiam
567 3564 687 3632 fregerit
706 3564 754 3617 iile
770 3559 850 3619 iicet.

107 3656 187 3711 'rum
205 3658 276 3711 mihi
295 3657 484 3723 retrogrados
500 3654 648 3710 Florentia
666 3654 786 3723 pingere
804 3668 930 3709 cancros

176 3750 308 3815 Audeat,
330 3758 357 3801 et
376 3748 457 3801 claro
478 3746 533 3801 sub
551 3746 631 3800 Jove
649 3748 729 3797 ferre
748 3747 840 3799 faces.

107 3841 187 3895 Tum
207 3841 309 3895 mediis
328 3841 397 3893 faxo
417 3839 541 3893 recitent
557 3852 634 3890 nova
651 3835 782 3889 carmina
799 3836 922 3903 scaenis,

175 3935 355 4002 Contempto
374 3940 492 3985 careant
510 3926 588 3983 nulla
606 3920 718 3982 theatra
738 3921 807 3979 mei.

106 4030 179 4088 Non
197 4034 296 4078 tamen
320 4024 366 4076 illa
386 4031 526 4090 movent,
545 4028 686 4092 quantum
703 4026 752 4071 tua
769 4016 874 4070 damna
890 4029 1054 4086 precesque

175 4120 298 4187 Udaque
317 4116 352 4168 de
370 4114 499 4169 lacrimis
515 4113 598 4168 litera
616 4114 691 4166 facta
708 4109 774 4165 tuis.

108 4216 175 4288 Qua
194 4211 268 4264 libet
286 4210 413 4274 interea,
433 4196 572 4277 quoniam
590 4204 678 4271 licet,
699 4200 835 4273 improba
849 4200 962 4269 jactent

178 4301 323 4365 Consilia,
345 4296 446 4367 ingrati
465 4297 590 4368 pessima
607 4295 694 4351 narba
712 4293 809 4349 animi.

105 4393 201 4455 Poena
221 4389 319 4446 scrius
339 4406 390 4444 aua
409 4390 547 4460 quodque
567 4397 681 4455 manet,
699 4388 761 4442 sinc
780 4385 903 4442 crimine
921 4383 988 4437 laaaa

179 4485 295 4541 invenit
311 4483 425 4537 ultores
443 4479 536 4549 aleria
554 4488 625 4535 vera
642 4478 739 4536 Deos·
