2624 5108
171 884 239 958 ιιι
408 878 449 953 ln
476 878 663 955 Ulrichum
685 878 937 979 Wirtenberg.

167 1086 231 1153 est,
247 1086 279 1138 et
291 1074 383 1155 cujus
394 1072 591 1154 penitudine
602 1070 701 1149 mori,
718 1072 816 1136 ιιιιίιι
826 1072 1016 1147 exilirmiire
1031 1074 1186 1152 decrevit,

166 1177 209 1241 ite
226 1189 349 1251 tamen,
376 1186 412 1238 ut
429 1186 487 1238 tuo
504 1174 550 1237 ibi
567 1173 700 1237 consilio
717 1172 888 1237 utereturi
918 1172 1023 1265 cunis
1040 1176 1188 1241 mantum

166 1276 352 1341 interemisti
369 1294 437 1339 non
454 1272 650 1351 accusatum,
674 1296 742 1338 non
756 1276 956 1357 damnatum,
982 1278 1053 1341 eim
1068 1286 1192 1371 septem

167 1388 200 1441 et
222 1374 373 1441 decem
362 1398 425 1457 Jam
453 1376 586 1457 emplius
614 1396 738 1439 menses
759 1358 1012 1465 eomplebteris,
1039 1389 1073 1441 et
1094 1377 1189 1443 nobis

167 1476 300 1541 dubium
313 1496 383 1541 esse
403 1476 470 1552 vis,
497 1497 555 1540 eur
573 1474 748 1553 oecideris,
754 1494 812 1539 se
825 1476 889 1540 diei
904 1476 1074 1557 prohibes,
1098 1479 1191 1563 qnod

166 1576 305 1641 libidinis
338 1577 504 1655 explendas
531 1596 626 1640 cause
634 1572 836 1641 occideris?
882 1579 1057 1661 Responde
1085 1578 1191 1647 antem

166 1678 252 1741 eliud
269 1680 332 1741 boc
346 1678 443 1749 mibi!
468 1678 520 1742 illa
533 1678 668 1742 honesto
680 1677 757 1741 nale
772 1680 863 1754 loeo,
884 1678 911 1741 si
931 1700 950 1741 ι
970 1691 1003 1743 te
1020 1692 1105 1745 cesta
1123 1692 1191 1753 est,

165 1798 233 1843 non
254 1779 386 1853 metuis,
416 1774 458 1843 nd
483 1790 517 1843 te
539 1778 741 1843 interlieist'
731 1800 766 1840 ιιι
786 1779 890 1843 mariti
917 1780 1069 1845 ultionem
1094 1778 1191 1859 ipsa?

166 1880 340 1962 presertim
360 1881 405 1942 sic
426 1880 545 1944 tractus
563 1890 650 1943 metu
667 1900 742 1943 cum
757 1880 817 1955 sis,
807 1862 879 1944 ιιι
896 1876 980 1943 bisin
998 1890 1030 1940 te
1044 1880 1191 1946 urltbrem

167 1980 279 2045 timere
293 1983 437 2045 homines
457 1980 628 2045 credent?
649 1992 704 2043 sut
722 1980 818 2057 nolit,
846 1980 954 2045 ulcisci
974 1988 1050 2043 euni
1065 1962 1190 2063 ῃὸιιὶις

167 2092 201 2145 et
221 2082 325 2163 proba
345 2082 402 2156 sit,
434 2102 529 2169 quam
552 2093 587 2145 tu
615 2081 668 2143 nti
692 2080 866 2165 coningio,
899 2080 944 2145 sic
973 2080 1193 2146 miserabiliter

169 2182 314 2246 orbasti?
352 2183 416 2246 ilbi
445 2194 519 2245 sunt
547 2182 603 2245 illae
634 2193 740 2244 sutem
766 2181 889 2262 pudice
914 2183 1080 2257 mulieres,
1121 2204 1191 2267 que

169 2284 355 2348 meritorum
372 2306 505 2347 suornm
526 2278 753 2365 interfectores
773 2285 854 2348 sileo
879 2306 946 2347 non
970 2286 1126 2359 oderunt,
1158 2297 1194 2349 ut

169 2397 274 2447 ament
291 2384 410 2449 etiam?
435 2382 679 2448 Dementissime
697 2385 880 2459 bominum,
899 2386 1085 2451 Elleborum
1099 2388 1193 2477 bibel,

168 2506 207 2549 ae
224 2485 315 2563 istem
336 2506 481 2569 expurga
499 2486 668 2562 insaniam,
690 2507 757 2568 quo
772 2488 825 2547 vel
849 2486 890 2549 ad
908 2496 1032 2568 teinpus
1050 2488 1193 2570 sapiens,

168 2585 252 2651 illem
272 2598 358 2649 tuam
379 2587 558 2651 orationem
576 2608 759 2661 recensens,
787 2586 820 2648 in
837 2608 900 2670 qus
919 2588 996 2651 nihil
1014 2588 1074 2652 sibi
1092 2591 1195 2651 cotte-

169 2698 236 2763 ret,
272 2687 378 2751 omnia
415 2686 552 2751 invicem
587 2710 622 2749 se
651 2686 879 2751 comminuunt.
936 2689 999 2751 Sed
1030 2687 1194 2752 audiamus

170 2786 320 2868 epistolas
340 2807 438 2866 snper
454 2789 513 2850 bae
527 2808 563 2849 re
579 2786 717 2849 emissas.
757 2787 867 2850 Recita
881 2788 1018 2869 primum
1034 2788 1196 2853 Ludoviei

171 2886 270 2969 petris
286 2889 327 2949 ad
341 2885 458 2949 lilium!
478 2886 591 2949 Recita
610 2885 755 2963 ejusdem
773 2888 814 2951 etl
832 2890 1015 2947 Conradmn
1024 2890 1196 2959 Dommen,

170 2987 227 3053 tilii
253 2990 418 3049 socerum!
466 2988 579 3051 Recita
604 2987 679 3051 item
703 2989 833 3052 loannis
860 2983 916 3046 lilii
943 2983 1196 3065 responsoriam

170 3086 268 3151 recita
294 3085 438 3151 Considi
462 3088 620 3152 Dommen
651 3090 690 3151 ιιι
715 3086 920 3151 Ludovieunt
940 3084 1198 3165 responsoriam!

83 3191 86 3198 '
173 3188 227 3253 Τιι
259 3187 357 3274 igitur
384 3180 530 3273 agnosbis
562 3210 672 3251 ιιιιιιιιι
699 3199 731 3251 ει
763 3188 872 3273 signa,
916 3207 953 3249 se
978 3196 1081 3249 totum
1110 3196 1199 3249 ιιιιιιιι

171 3291 290 3355 laetum
311 3290 545 3354 manifestabunt
566 3289 680 3353 vides?
712 3288 859 3364 Audisti,
889 3288 1054 3371 quomodo
1082 3288 1124 3359 sle
1148 3298 1201 3347 tua

169 3393 281 3457 insana
300 3391 443 3465 libidine,
476 3400 507 3450 et
530 3390 584 3451 illo
605 3390 696 3472 quod
714 3388 913 3461 instituebas,
939 3386 1096 3449 adulterio
1117 3384 1201 3467 petri

172 3492 257 3556 lilius
271 3489 450 3571 scripserit,
475 3501 507 3550 et
520 3490 550 3566 *)
569 3490 735 3553 eonsilium
747 3487 888 3570 petierit,
909 3486 1073 3570 quomodo
1085 3496 1201 3549 eontra

172 3604 206 3654 te
228 3612 317 3655 ιιιιιιι
341 3610 477 3654 uxorem
502 3588 669 3654 tuerettnl
706 3590 832 3654 Deinde
856 3600 945 3671 peter
968 3586 1049 3671 quid
1065 3607 1202 3666 respon-

173 3689 275 3768 derit,
295 3712 332 3755 ac
351 3692 454 3768 idem,
474 3691 553 3776 quid
567 3694 610 3756 ιιι
626 3702 716 3755 tuum
733 3690 919 3774 magistrum
936 3688 1081 3773 eqtiitum
1101 3686 1201 3768 serip-

174 3792 268 3869 serit,
303 3804 337 3856 et
369 3793 409 3854 ab
442 3814 483 3855 eo
510 3793 600 3876 φιοιι
629 3794 672 3856 (le
699 3804 733 3857 te
759 3792 975 3855 testimonium
1003 3787 1202 3853 extorserit?

173 3894 291 3958 Nonne
324 3892 429 3956 omnis
453 3896 526 3957 lnee
553 3894 687 3957 clariora
711 3891 808 3954 sunt?
845 3893 962 3953 Nonne
989 3912 1030 3953 ex
1053 3884 1201 3951 omnibus

174 3994 252 4061 nibil
278 3994 423 4058 ulteriori
447 3992 668 4058 testinatione
692 3990 837 4075 indiget?
867 3990 932 4052 Sed
951 4002 1006 4052 ιιιι
1026 4006 1203 4071 proseque-

175 4116 247 4161 mur
263 4095 435 4159 mendacis.
484 4092 663 4169 Abscessit,
691 4092 813 4177 inquit,
840 4092 936 4174 paulo
958 4100 1032 4173 post
1056 4088 1091 4152 in
1110 4086 1203 4167 jussu

174 4206 265 4272 meo,
297 4196 387 4281 quod
407 4214 470 4278 ego
497 4192 659 4269 ferebam,
690 4205 795 4258 eertus
817 4211 884 4255 non
907 4190 1071 4271 recipere,
1102 4210 1203 4273 qnan-

177 4319 271 4380 qnam
288 4294 376 4358 multi
392 4294 504 4357 sedulo
522 4294 774 4371 intercederent,
794 4292 851 4379 qui
863 4315 914 4358 me
933 4292 976 4356 illi
994 4286 1201 4356 reeoncilisre

183 4441 376 4459 m

215 4524 244 4577 *l
262 4540 300 4578 rt.
321 4545 355 4581 tr..
