2624 5108
1221 430 1228 453 s
1273 408 1277 413 .

202 893 278 972 stt
645 892 779 971 Nemo.

202 1083 349 1170 exprimi.
388 1086 441 1151 Tu
465 1086 575 1158 Crass,
600 1087 657 1172 qui
676 1088 782 1152 omnia
804 1078 927 1150 acratius
945 1082 1114 1168 intelligis,
1142 1076 1224 1167 qnid

203 1189 309 1254 uidisti
329 1199 513 1270 tempestate
531 1200 640 1252 nostra
659 1187 871 1255 Christianum
888 1187 1009 1269 magis,
1039 1206 1136 1268 quam
1151 1185 1225 1249 illos

202 1311 307 1373 nuper
325 1300 460 1356 Erasini
485 1288 634 1353 labores?
663 1302 717 1354 aut
735 1289 814 1373 quid
832 1300 943 1351 contra
960 1286 1060 1370 magis
1084 1285 1224 1351 inrisum

201 1391 249 1455 bis
271 1400 477 1457 Themistis?
504 1400 540 1453 ut
559 1392 778 1465 susurrabant,
800 1401 835 1451 ut
853 1387 1050 1463 fremebant,
1076 1398 1114 1451 ut
1131 1387 1226 1451 strin-

201 1492 319 1577 gebant
336 1489 522 1573 supercilia,
558 1503 594 1554 ut
618 1512 712 1555 nasos
741 1488 986 1571 suspendebant.
1036 1487 1094 1550 llis
1119 1488 1225 1568 rumpi

201 1593 250 1656 his
279 1593 410 1667 credas,
444 1591 571 1675 qrroties
605 1595 667 1655 talc
694 1591 812 1676 aliquid
840 1586 988 1653 viderint.
1042 1588 1089 1652 lta
1115 1587 1225 1651 alienia

201 1691 370 1756 virtutibus
400 1693 546 1756 invident
582 1693 711 1776 pessimi
747 1691 898 1754 homines.
950 1688 998 1751 lta
1030 1690 1225 1753 conscientia

200 1791 342 1875 ignavis
371 1814 435 1856 sure
468 1784 649 1858 cruciantnh
677 1793 864 1857 nebulones.
921 1791 966 1853 Aa
995 1800 1071 1853 tum
1095 1789 1223 1852 strenui
1298 1802 1303 1813 ¹

199 1902 288 1968 sunt,
315 1895 447 1977 quando
465 1895 500 1957 in
518 1914 578 1957 suo
598 1894 653 1957 illo
671 1913 790 1977 regno,
818 1890 947 1973 publico
966 1900 1119 1974 suggesto
1136 1889 1225 1970 spud

199 1991 364 2057 indoctum
385 1997 519 2075 volgus,
549 2015 586 2057 ao
605 1994 754 2057 levissimi
773 2013 870 2055 sexus
890 1991 1014 2055 turbam
1039 1990 1225 2054 declamant.

199 2092 254 2157 lbi
280 2094 436 2170 lacerant,
468 2094 513 2157 ibi
538 2093 720 2159 havidentirc
747 2116 812 2158 sun
830 2093 973 2155 stimulos
999 2100 1154 2167 exerunt,
1187 2111 1226 2153 ac

198 2194 278 2259 illud
304 2192 500 2275 ejaculantur
528 2194 668 2259 terribile
693 2194 832 2269 fulmen,
873 2204 906 2254 et
929 2194 1044 2256 mirum
1067 2202 1227 2254 evomunt

199 2316 377 2372 venenum,
409 2296 529 2360 nonin
547 2317 624 2372 eos,
652 2295 687 2359 in
702 2317 788 2380 spros
813 2314 945 2358 neooese
963 2304 1030 2369 est,
1061 2293 1121 2356 scd
1140 2312 1225 2379 quos

200 2396 260 2461 sibi
280 2400 430 2461 molestos
444 2416 515 2461 esse
532 2397 665 2461 ubilibet
679 2396 822 2481 contigit.
854 2407 1086 2462 'Alexandrum
1100 2414 1226 2463 sextum
1248 2478 1253 2489 Ι

145 2526 152 2541 ·
199 2509 311 2563 nostra
339 2500 491 2564 memoria
527 2499 716 2562 Pontificem
745 2498 916 2563 maximum
943 2498 1062 2563 dixisse
1094 2500 1224 2576 sonunt,

198 2620 273 2665 cum
299 2603 518 2684 potentissimo
546 2624 625 2686 rege
653 2613 706 2665 aut
730 2601 876 2683 principe
901 2603 990 2665 malle
1019 2600 1080 2663 sibi
1106 2601 1223 2663 bellum

199 2720 290 2776 esse,
322 2724 419 2786 quam
444 2724 517 2765 eum
535 2723 601 2766 troo
627 2726 670 2767 ex
689 2702 821 2765 fratrum
839 2701 1083 2765 mendicantium
1102 2700 1224 2764 ordini·

199 2800 271 2865 bus.
325 2801 439 2865 Omnia
465 2803 550 2865 cuim
574 2803 691 2866 habere
720 2824 793 2877 eos,
834 2802 890 2884 qui
914 2800 991 2865 nihil
1018 2802 1149 2877 babent,
1186 2819 1223 2863 ac

200 2901 449 2985 inexpugnabile
491 2902 523 2963 id
562 2923 633 2966 esse
669 2903 830 2966 hominum
866 2924 984 2984 genus,
1029 2921 1221 2985 quacunque

199 3002 341 3064 cenandi
361 3002 413 3065 via
431 3001 595 3065 adoriaris.
638 3003 755 3066 Nescio
783 3001 960 3066 acutissime
984 3006 1049 3067 hnc
1074 3001 1222 3065 conside·

186 3122 285 3176 .rem,
325 3123 366 3164 an
394 3123 475 3165 vero
508 3104 623 3166 dolore
650 3124 722 3165 meo
754 3103 845 3167 latius
875 3105 1010 3178 efferam
1044 3106 1107 3167 hoc
1135 3115 1224 3168 certe

197 3215 294 3287 puto,
334 3203 491 3268 ucmincm
528 3226 593 3266 non
621 3205 796 3267 civiliorem
825 3204 960 3286 reperiri
989 3204 1162 3279 victorem,
1196 3204 1224 3268 si

198 3326 282 3391 apros
302 3305 493 3386 disputando
509 3306 797 3388 concludendoque
814 3306 899 3369 vinci
917 3305 1104 3389 eontigerit,
1127 3327 1223 3389 qaam

196 3409 256 3471 hos
275 3416 487 3487 praeposteros
502 3404 620 3468 Christi
640 3408 811 3487 apostolos.
851 3405 937 3487 Ouid
955 3405 1041 3467 enim
1060 3406 1221 3470 crudelius

196 3525 338 3587 unquam
350 3503 494 3578 sensisti,
515 3525 610 3587 quam
623 3505 679 3570 ubi
698 3510 878 3591 quempiam
890 3505 1080 3590 arripuerint
1093 3527 1221 3584 eorum,

196 3623 281 3688 quos
301 3602 465 3666 hereticos
493 3607 636 3669 vocant?
676 3610 770 3671 Tunc
797 3610 917 3693 quippe
941 3608 1047 3671 omnia
1069 3607 1222 3686 Christo,

196 3714 310 3787 preter
341 3725 436 3768 unam
465 3706 714 3772 misericordiam
744 3711 936 3774 concedunt.
982 3712 1026 3773 Et
1058 3713 1148 3794 qtrod
1179 3709 1224 3771 illi

195 3805 362 3891 proprium
388 3808 523 3873 maxime
550 3819 623 3883 est,
662 3811 724 3872 hoc
759 3822 826 3873 tum
851 3811 1036 3897 longissime
1064 3812 1220 3892 ablegant.

196 3905 283 3988 Quin
311 3907 404 3972 etiam
433 3909 513 3970 adeo
545 3910 716 3973 insolentes
745 3931 781 3974 se
806 3923 938 3994 gerunt,
972 3923 1010 3976 ut
1032 3929 1127 3974 nemo
1152 3930 1222 3972 non

193 4008 336 4073 damnari
356 4010 458 4086 malit,
485 4032 581 4094 quam
596 4012 635 4071 ab
655 4012 702 4074 his
720 4013 875 4097 consequi
891 4014 1027 4076 veniam.
1065 4010 1131 4095 Qui
1151 4032 1225 4075 eum

194 4112 417 4193 oppugnandis
442 4112 555 4186 nobis,
592 4133 732 4194 quorum
760 4112 957 4195 patrimoniis
986 4116 1114 4177 aluntur
1144 4132 1222 4175 ven·

192 4209 303 4275 tricosi
333 4212 526 4293 hypocrita,
562 4213 643 4274 adeo
671 4212 798 4277 seroces
826 4233 863 4276 se
894 4213 1081 4289 exhibeant,
1116 4216 1221 4277 nullus

193 4320 297 4373 tamen
326 4311 506 4390 reperitur,
548 4311 605 4394 qui
632 4313 797 4396 religionis
829 4316 901 4378 zelo
930 4314 965 4378 in
991 4315 1116 4378 'furcas
1148 4327 1220 4389 eat,

192 4411 289 4475 iidem
322 4411 442 4475 Christi
470 4411 716 4493 predicaturus,
746 4426 800 4477 aut
826 4415 896 4479 illos
921 4417 1030 4480 saltem
1055 4414 1090 4476 in
1112 4414 1220 4478 medio

192 4523 337 4577 nostrum
350 4514 510 4577 Bohemos
529 4524 565 4576 ut
577 4514 718 4591 erudiat,
739 4536 823 4600 (μου
835 4517 964 4581 illorum
978 4514 1057 4580 vitio
1075 4528 1219 4580 secretos
