2624 5108
402 476 407 483 '
1110 482 1133 517 ,ιι

154 884 218 950 120
391 873 434 948 In
456 872 641 947 Uti-ictam
664 871 916 975 Wirtenberg.
978 940 983 947 .

149 1069 272 1132 modica
284 1079 395 1143 vestrae
411 1066 563 1151 aequitatis
574 1066 675 1147 signa.
708 1066 854 1148 Quodsi,
871 1086 1057 1150 quaprote
1072 1067 1160 1149 qaus·

150 1191 213 1253 que
232 1170 342 1244 sentit,
363 1189 402 1240 ea
418 1168 510 1231 simul
526 1176 643 1259 omues'
653 1166 816 1242 faceretis,
833 1170 940 1257 mque
957 1188 1017 1233 voa
1033 1166 1084 1231 hie
1103 1186 1160 1239 au·

149 1271 283 1344 diendo,
301 1288 408 1352 neque
424 1288 487 1351 ego
503 1268 639 1333 diceudo
654 1279 826 1347 ooetrpatus
842 1288 955 1332 essem.
992 1267 1057 1331 Sed
1067 1265 1159 1349 agitis

148 1392 213 1433 noa
235 1370 400 1453 indiguum
414 1380 519 1433 vestra
536 1368 703 1449 pmrdeatia
717 1368 889 1443 silentium,
909 1367 1160 1450 expectahuudi,

148 1471 227 1554 qnid
246 1491 355 1534 omnes
373 1469 409 1531 in
421 1488 516 1533 eausa
533 1466 682 1531 Germani
697 1470 883 1545 decernant,
905 1482 942 1533 ιιι
956 1470 1047 1551 quod
1067 1468 1162 1533 vobis

148 1571 334 1633 tutissimam
352 1570 406 1643 sit,
433 1570 466 1633 in
481 1568 813 1635 alienam-sententiam
833 1569 1025 1631 concedatis.
1062 1568 1161 1639 Nimi-

148 1692 218 1734 rnm
242 1670 362 1753 quibus·
382 1670 466 1734 haud
490 1668 602 1751 pastun
623 1680 724 1733 metae
740 1664 884 1745 incussit,
913 1668 966 1733 ilia
986 1670 1160 1751 superioris

148 1771 222 1833 anai
246 1771 412 1835 calamitas.
471 1768 602 1833 'fimetis
626 1768 711 1833 enim
731 1790 773 1832 ae
795 1769 902 1851 siquid
924 1760 992 1833 a'usi
1017 1760 1159 1844 iireritis,

147 1892 346 1935 communem
367 1870 545 1945 utilitatem,
576 1870 700 1952 privato
724 1870 867 1951 periculo
884 1868 1044 1939 tueamini.
1087 1871 1160 1951 Qua

147 1994 183 2035 re
205 1972 288 2034 alind
311 1972 350 2035 ad
373 1990 435 2033 voa
452 1968 527 2033 ninii
548 1969 581 2031 in
605 1971 662 2031 nac
678 1969 823 2033 oratione
841 1990 985 2033 seorsum
1000 1969 1160 2052 pertinere

148 2071 283 2133 arbitror
305 2069 564 2153 ‹modreliquum
580 2081 629 2133 est
649 2072 690 2145 4ζέ).
728 2071 819 2146 Vos,
842 2068 992 2133 Germani
1008 2071 1158 2145 obsecro,

147 2183 183 2234 nt
198 2170 231 2233 in
249 2191 415 2233 commane
432 2170 611 2235 considatis.
655 2170 729 2232 Non
750 2169 859 2252 puniri
876 2170 967 2233 istum
984 2180 1077 2248 turpe
1093 2181 1159 2245 est,

147 2271 359 2354 periculosam
376 2282 433 2332 est.
470 2270 519 2333 Ne
537 2270 717 2346 admittere,
738 2272 827 2355 qarod
843 2270 960 2333 saeuam
976 2271 1161 2351 pudendum

147 2372 196 2436 sit.
236 2374 285 2439 Ne
302 2371 475 2453 periculum
497 2371 642 2436 omnibus
665 2371 830 2434 accersite!
860 2371 935 2433 Non
951 2371 1059 2454 legum
1076 2370 1162 2447 enim

146 2483 290 2547 tantum,
324 2474 381 2536 sed
404 2482 515 2534 vestra
539 2469 601 2551 jam
626 2470 864 2533 existimationis
883 2469 1002 2550 jactura
1017 2471 1162 2536 differtur

147 2574 209 2635 boc
228 2571 390 2653 judicium.
438 2574 543 2635 Porro
570 2592 675 2653 neqne
700 2572 760 2633 tale
781 2582 829 2632 eat
851 2571 940 2635 istius
958 2571 1161 2647 maleficium,

148 2684 184 2735 ut
199 2676 286 2734 saiva
305 2675 413 2753 legum
435 2692 472 2733 oo
489 2671 610 2751 imperii
626 2668 720 2751 hujus
742 2682 824 2733 stata
844 2673 1018 2735 condonari
1039 2670 1161 2751 possit,

148 2793 254 2855 neque
275 2772 334 2834 iste
350 2771 433 2845 talis,
452 2784 488 2833 ιιι
504 2773 725 2835 emendaturus
742 2771 836 2832 vitam
852 2782 1007 2852 speretur.
1045 2772 1089 2835 Ut
1103 2772 1161 2855 qui

149 2870 211 2952 jam
235 2871 325 2953 signa
349 2870 452 2946 (ΙοιΙὶι,
487 2888 581 2952 quam
602 2871 718 2933 invicte
734 2872 830 2933 malus
851 2871 909 2946 sit,
940 2871 1033 2951 hujus
1052 2870 1162 2953 judieii

150 2982 309 3049 tempore,
351 2990 444 3031 atreus
476 2990 596 3033 novum
624 2970 657 3032 iu
684 2972 773 3033 aliam
803 2970 916 3033 iterum
951 2971 1163 3037 ituros-entiam

150 3071 262 3132 scenas.
302 3070 404 3150 Quam
420 3091 489 3132 raon
505 3072 600 3133 debet
624 3081 728 3132 autem
753 3072 907 3153 consequi
927 3071 1069 3146 veniam,
1105 3072 1162 3155 qni

150 3167 237 3231 siida
252 3181 404 3253 uegetam,
424 3183 530 3252 parata
541 3171 633 3232 habet
651 3169 807 3252 presidia,
827 3173 913 3233 unde
932 3171 965 3233 vi
982 3194 1016 3234 se
1030 3171 1164 3254 eripiat?

151 3270 262 3353 ltaque
283 3272 343 3333 nisi
363 3282 492 3335 strenue
518 3270 692 3352 indicatum
714 3271 863 3345 adversus
880 3274 972 3333 talem
985 3273 1164 3348 hominem,

152 3374 243 3435 tatem
263 3371 515 3449 praeminent,
545 3392 611 3431 nou
634 3372 811 3451 deponetur
834 3368 905 3447 ejus
929 3370 1075 3445 audacia,
1105 3373 1165 3435 seat

157 3470 405 3533 confirmabitur.
455 3469 611 3534 Summam
631 3471 727 3553 igitar
747 3468 893 3533 Germani
911 3469 1063 3536 declinate
1083 3469 1166 3533 infa-

152 3567 262 3643 miam,
295 3568 384 3650 ‹prod
413 3571 519 3649 eltnrso
544 3570 605 3634 isto
629 3571 734 3633 dicent
763 3569 881 3646 exteri,
918 3571 1003 3635 nulla
1032 3590 1103 3634 esse
1131 3571 1166 3633 in

155 3666 324 3731 Germania
334 3670 484 3732 alversas
493 3682 637 3751 potentes
649 3669 777 3751 judicia.
798 3671 878 3735 Illud
893 3692 971 3735 varo
982 3670 1165 3753 prospicite,

154 3787 285 3829 aecum
306 3765 392 3830 istius
416 3768 597 3850 impunitate
619 3771 736 3834 licitum
760 3772 822 3831 hoc
844 3770 963 3849 crimen
988 3772 1164 3847 videbitur,

155 3868 198 3929 ad
219 3869 334 3930 mutilos
360 3879 495 3946 transeat
520 3874 716 3952 exemplum,
754 3881 786 3931 et
812 3869 844 3932 in
874 3883 976 3934 totum
998 3892 1101 3937 auvos
1127 3892 1166 3934 ae

156 3967 330 4049 degeneras
349 3970 415 4031 hee
434 3970 519 4032 natio
545 3991 649 4047 mores
671 3970 789 4045 induat.
838 3972 901 4040 Sed
922 3973 1078 4053 proposui
1103 3970 1167 4054 jam

156 4078 227 4129 ante
248 4069 296 4144 ³⁴³³)
321 4069 397 4131 mihi
412 4069 527 4132 frustra
545 4069 610 4130 haee
627 4070 739 4145 metui,
768 4090 874 4154 neque
890 4071 1052 4153 staturum,
1076 4083 1113 4134 nt
1135 4085 1168 4136 te

156 4167 288 4248 praeside
296 4213 308 4245 „
327 4167 448 4231 Caesari
465 4169 533 4244 aaa)
544 4168 671 4255 equitas
681 4170 890 4253 derideretur,
917 4170 1028 4257 itaque
1041 4156 1168 4249 minime

193 4395 217 4453 *t
235 4404 294 4457 nach
312 4405 432 4450 emittar:¹
454 4409 518 4463 prad
536 4410 655 4465 rettpaum
675 4418 729 4468 est,
753 4410 885 4468 betgeseat.
920 4402 962 4461 ⁸⁸⁸)
980 4413 1104 4459 zwisalten
1119 4414 1169 4467 itu

191 4510 225 4521 -
246 4487 316 4531 arihi:
335 4495 410 4545 aute,
428 4490 559 4546 teigesezt.
596 4484 655 4551 m)
672 4498 850 4547 Maxtmtttane
868 4494 1088 4553 darchgeatriehen.
