2624 5108
519 674 529 723 l

141 892 186 974 96
387 892 430 966 ln
454 892 639 967 Ulrichum
663 894 913 998 Wirtenberg.

141 1085 232 1169 quod
259 1084 322 1149 tale
344 1083 531 1169 conjugium
551 1085 598 1149 sic
633 1102 761 1169 aspere,
797 1088 843 1152 sic
867 1084 1043 1156 immaniter
1068 1096 1154 1178 egit,

140 1182 297 1266 pessimae,
337 1206 374 1249 ac
394 1185 594 1250 atrocissimas
626 1188 738 1250 mentis
769 1189 993 1271 suspicionem,
1012 1196 1154 1275 prebere

140 1286 259 1349 debuit.
299 1288 411 1351 Potest
430 1289 514 1352 euim
530 1284 585 1351 ulli
600 1307 669 1351 esse
693 1286 828 1364 amicus,
859 1291 916 1374 qui
935 1293 1010 1355 huic
1031 1296 1156 1360 mulieri

139 1386 202 1451 fuit
219 1384 386 1451 infensus?
422 1389 488 1451 Aut
507 1387 686 1472 quempiam
707 1389 790 1451 bene
812 1391 972 1469 tractabit,
1003 1396 1060 1478 qui
1077 1395 1157 1458 hane

140 1485 297 1570 speciem,
326 1490 382 1550 lros
404 1508 509 1551 mores
531 1488 700 1553 crudeliter
720 1490 853 1552 afflixit?
884 1492 954 1557 lmo
977 1495 1031 1557 cui
1053 1507 1159 1578 potest

141 1607 212 1651 esse
232 1588 389 1669 placatus,
421 1588 477 1670 qui
500 1590 580 1651 hanc
598 1589 699 1652 voluit
724 1590 900 1655 occideret
927 1594 1030 1657 voluit
1053 1582 1157 1672 enim,

142 1684 309 1750 Germani!
342 1687 455 1750 voluit.
503 1690 618 1773 Neque
641 1701 704 1752 tam
735 1691 810 1773 quia
838 1691 981 1757 delitium
1016 1707 1065 1757 est
1096 1696 1157 1773 illi,

141 1808 266 1869 semper
296 1791 355 1850 talc
388 1786 507 1872 aliquid
533 1788 655 1865 facere,
700 1810 796 1872 quam
822 1792 897 1875 quia
920 1794 947 1855 si
980 1793 1158 1876 peregisset

46 1948 50 1953 .
142 1888 363 1966 homicidium,
392 1890 553 1975 quoddam
567 1904 678 1972 postea
698 1891 902 1969 moliebatur,
927 1903 963 1955 ut
981 1893 1064 1970 dixi,
1094 1893 1158 1957 sin·

143 1992 251 2073 gadarc
279 1989 421 2067 facinus,
465 2001 502 2053 ut
524 1990 710 2056 innocenter
736 1995 847 2056 occire
880 1995 920 2057 ab
949 2014 984 2059 se
1016 1994 1158 2072 mulieri,

143 2095 352 2173 pessimorum
375 2090 567 2175 flagitiorum
592 2095 716 2174 culpam
740 2094 940 2179 impingeret.
988 2096 1073 2157 Huic
1095 2107 1159 2158 tam

144 2192 265 2255 nefario
301 2190 468 2274 proposito
500 2191 642 2255 ditinum
678 2194 792 2257 horum
825 2196 958 2259 fratrum
991 2195 1159 2258 consilium

143 2291 331 2368 intervenit,
374 2303 412 2354 ut
450 2312 545 2375 quam
581 2292 743 2355 celerrime
782 2306 1005 2358 succurrerent
1040 2296 1159 2359 alllictse

145 2393 266 2457 sororis
280 2391 486 2467 innocentiae,
507 2391 626 2475 quipp'e
642 2393 683 2454 de
696 2391 789 2474 cujus
802 2394 866 2455 vita
881 2407 913 2457 et
928 2390 1160 2459 existimatione

144 2494 196 2576 agi
214 2503 391 2556 cernerent.
429 2489 518 2555 Clam
534 2492 640 2575 itaque
658 2504 693 2554 ut
711 2514 745 2555 se
763 2492 847 2576 fugae
864 2494 1042 2578 accingeret
1056 2497 1158 2558 moni-

145 2606 224 2669 tam,
249 2593 386 2676 provido
410 2591 471 2672 ipsi
495 2612 631 2654 occursu
650 2603 855 2673 exceperunt.
894 2590 1002 2655 Sentio
1021 2606 1163 2658 vestrum

143 2694 195 2757 hic
211 2695 375 2767 dolorem,
397 2692 560 2754 Genuaui!
587 2704 709 2754 vestros
726 2692 859 2773 gemitus
879 2691 991 2765 audio,
1011 2693 1163 2772 lacrymas

144 2794 253 2857 video.
293 2795 360 2854 Nec
385 2792 542 2853 immerito
567 2789 660 2871 hujus
677 2788 751 2852 facti
768 2790 861 2852 dolor
880 2789 1022 2853 omnium
1041 2793 1163 2857 animos

145 2893 289 2977 perculit.
333 2893 406 2952 Hoc
423 2894 495 2951 loco
515 2901 633 2966 natam,
661 2892 718 2953 hac
735 2889 879 2965 fortuna,
910 2891 959 2953 his
974 2893 1163 2977 propinqui-

146 2994 261 3057 tatibus
285 2990 468 3065 subnixam,
511 3009 552 3052 eo
576 2989 764 3053 infelicitatis
790 2989 966 3066 decidisse,
1001 3003 1037 3054 ut
1068 3013 1164 3076 qtrem

146 3092 290 3156 maritum
308 3110 366 3155 sua
389 3089 551 3153 nobilitate
569 3092 703 3167 clarum,
738 3111 794 3152 sua
814 3090 1018 3154 foecunditate
1038 3104 1165 3157 auctum

146 3192 299 3268 reddidit,
331 3192 370 3252 ab
398 3212 439 3254 co
468 3211 534 3253 uon
561 3192 657 3254 modo
688 3191 881 3267 honorifice,
919 3191 1008 3274 quod
1034 3190 1165 3266 debuit,

147 3315 212 3357 non
236 3293 406 3367 habeatur,
439 3290 611 3354 sed-etiam
640 3291 887 3366 contumeliose,
916 3310 1046 3374 aspere,
1083 3302 1116 3352 et
1135 3292 1167 3367 ἦ)

148 3395 317 3457 crudeliter
344 3391 508 3473 affligatur.
557 3393 599 3453 Et
625 3412 693 3474 qua·
719 3392 765 3455 his
788 3387 962 3472 majoribus
986 3391 1078 3453 sedita
1098 3404 1167 3466 est,

148 3497 181 3557 in
205 3497 265 3554 hoc
291 3495 497 3554 humanarum
526 3510 633 3554 rerum
659 3492 787 3575 fastigio
813 3493 961 3566 educata,
1000 3500 1167 3572 contemp·

149 3592 281 3666 tissime,
316 3611 352 3653 ac
372 3590 517 3652 servilem
541 3592 573 3653 in
596 3592 741 3667 modurn,
775 3591 814 3654 ab
840 3593 901 3656 isto
930 3588 1092 3673 genitura,
1129 3611 1167 3652 ac

148 3703 229 3754 statu
246 3691 400 3753 inferiore
423 3692 601 3754 diversetur.
651 3694 748 3773 Quod
769 3692 854 3755 enim
879 3708 918 3753 ea
943 3711 1010 3753 nou
1031 3710 1169 3753 comme·

147 3812 286 3868 morem,
299 3812 368 3874 qua·
381 3793 419 3854 ad
430 3791 653 3873 impudicitiam
664 3792 725 3868 u),
740 3812 776 3853 ac
787 3790 1015 3872 turpitudinem
1026 3790 1169 3854 scelerati

148 3892 282 3955 hominis
299 3895 474 3973 pertinent,
493 3893 539 3956 sic
554 3903 679 3973 putate,
696 3909 763 3954 uon
776 3889 917 3973 ignorari
933 3911 951 3951 a
965 3911 1016 3967 nre
1032 3890 1083 3951 illa
1098 3886 1170 3964 aas)

147 3994 206 4058 sed
230 3996 373 4056 consulte
400 3992 518 4075 premi,
559 3990 647 4073 quod
677 4012 744 4054 non
776 4002 838 4052 tam
864 3991 1056 4053 studendum
1087 3984 1170 4051 illius

148 4089 302 4178 perniciei
327 4093 494 4167 existimo,
536 4111 629 4173 quarn
657 4091 830 4155 videndum
857 4091 935 4174 quid
957 4112 1010 4153 rue
1037 4088 1171 4163 deceat,

149 4217 209 4259 ncc
226 4206 347 4258 tautum
365 4193 471 4255 dolori
489 4190 730 4253 concedendum
746 4210 835 4266 mco,
860 4203 1012 4273 quantum
1030 4209 1094 4251 suae
1114 4188 1173 4251 iste

150 4296 271 4358 libidini
288 4316 325 4355 ac
342 4292 446 4355 furori
469 4290 567 4354 dedit.
611 4293 719 4375 Atque
741 4291 860 4354 utinam
883 4301 1039 4374 perpetuo
1056 4291 1173 4354 lateam

187 4521 218 4590 ')
235 4537 279 4587 et,
294 4542 333 4583 ac.
372 4520 415 4585 *U
433 4532 631 4591 tmpnucutan,
650 4529 793 4591 pudicitiam.
829 4520 892 4591 ψ)
910 4531 972 4590 tlte,
990 4527 1044 4573 lata.
