2624 5108
155 860 224 935 388
555 855 773 954 Triumphus

156 1053 216 1128 Qui
235 1071 295 1125 quo
316 1071 377 1109 non
397 1068 504 1125 verum
523 1060 678 1121 argueret,
696 1057 863 1124 serumque
882 1052 1027 1124 doceret,

51 1173 56 1183 ·
152 1147 272 1202 Nullius
292 1149 412 1219 expavit
430 1149 531 1215 vires,
550 1146 685 1217 iramque
702 1146 869 1218 minasque.
1037 1134 1039 1139 ¹

153 1240 333 1311 Simpliciter
351 1256 474 1310 semper
490 1239 554 1293 sine
574 1254 685 1311 pompa
704 1255 825 1311 semper
843 1236 921 1295 inani
932 1279 942 1310 ,

152 1334 231 1387 Citra
251 1349 374 1387 omnem
396 1332 551 1400 invidiam,
570 1332 626 1387 nisi
646 1348 734 1403 quam
753 1350 807 1390 sua
824 1333 922 1387 lucida
940 1335 1054 1406 virtus,

149 1426 188 1480 Ut
206 1426 262 1494 sit,
287 1427 364 1496 apud
381 1426 496 1480 sciolos
515 1427 631 1497 peperit
649 1424 726 1505 sibi,
747 1426 989 1498 docticulosque.

149 1518 206 1573 llic
225 1519 290 1586 vir,
308 1518 360 1572 hic
379 1530 424 1573 est
444 1518 545 1587 cives,
563 1518 613 1573 cui
631 1517 657 1572 si
675 1517 839 1575 Germania
858 1528 966 1590 posset

149 1613 216 1682 Ipsa
236 1612 339 1684 loqui,
359 1623 421 1667 tota
438 1612 467 1666 in
485 1626 596 1666 vocem
615 1621 812 1682 consurgeret
829 1627 935 1687 unam:

147 1704 251 1760 Macte
271 1705 351 1774 gravi
372 1705 480 1759 virtute
499 1717 617 1775 senex,
636 1714 669 1758 tu
687 1704 824 1759 moribus
842 1705 905 1761 istis
947 1737 950 1742 -

146 1801 246 1869 Atque
265 1798 323 1857 isto
342 1798 462 1868 iugenio
480 1796 560 1869 paris
579 1796 759 1852 immortalia
775 1797 854 1852 laudi

148 1891 332 1947 Ornamentis
351 1906 448 1957 meo,
466 1898 587 1961 perte,
608 1906 647 1943 ne
665 1888 794 1946 barbara
814 1892 914 1959 dicar,
1068 1954 1071 1958 Α

146 1987 206 2037 Aut
224 1983 305 2036 rudis
326 1982 468 2037 effectum
487 1991 542 2036 est.
580 1982 628 2037 Tc
645 1999 727 2038 nunc
745 2000 800 2053 ego
819 1994 903 2053 grata·
917 1985 1034 2054 saluto,

148 2075 195 2131 Te
213 2084 294 2144 grata
313 2074 501 2157 amplcetor,
518 2084 548 2129 te
566 2085 647 2143 grata
666 2092 845 2144 remunero,
868 2095 924 2148 pro
944 2089 989 2133 tot

147 2168 180 2222 In
199 2168 324 2240 patriam
340 2162 475 2232 desitis„
504 2166 658 2241 Quicquid
677 2168 803 2223 debetur
820 2171 965 2240 honoris,

147 2260 207 2334 Qui
226 2269 326 2314 servat
341 2254 444 2327 bello,
461 2260 579 2331 velqui
597 2276 646 2330 me
667 2261 774 2317 liberat
791 2264 899 2332 armis,

147 2354 280 2423 Accipe,
299 2364 443 2424 praeterea
458 2353 555 2422 jubeo
574 2355 749 2432 meminisse
767 2366 914 2427 nepotes,

145 2449 185 2504 Et
201 2465 314 2502 nomeu
334 2446 492 2502 celebrare
510 2455 605 2501 tuum.
643 2446 729 2501 Salve
748 2447 857 2519 inclyte
875 2450 1004 2520 vindex,

143 2541 250 2596 Victor
268 2558 343 2609 sve,
362 2540 470 2595 dilecte
488 2540 581 2608 Deo,
599 2538 706 2593 dilecte
725 2542 857 2611 parenti,

145 2636 229 2690 Felix
250 2635 336 2705 prolc
355 2643 424 2700 tua,
444 2632 518 2686 felix
536 2643 568 2685 tu
582 2631 705 2687 Phorca
726 2633 859 2704 superbo

144 2728 281 2793 semine,
302 2725 406 2779 felices
425 2726 513 2778 etiam
532 2731 687 2795 materque
705 2733 869 2796 paterque,

145 2821 204 2893 Qui
223 2819 316 2886 mihi,
338 2817 388 2890 qui
406 2816 496 2872 vobis
515 2817 604 2871 talem
622 2818 763 2885 genuistis
781 2818 952 2891 alumnum,

143 2915 271 2968 Diceret
289 2913 355 2966 hcc
374 2919 478 2978 certe,
498 2918 621 2964 caneret
638 2908 801 2965 Germania
820 2922 911 2968 certe.

143 3010 181 3062 At
199 3022 255 3060 nos
274 3006 407 3072 interes,
428 3003 549 3075 quando
567 3003 630 3056 hoc
648 3001 686 3055 its
705 3012 842 3074 tempora
861 3016 1008 3077 poscunt,

113 3103 114 3107 ’
144 3099 237 3155 Grata
255 3096 448 3167 triumphanti
468 3095 614 3150 canimus.
649 3093 699 3148 Nc
718 3094 806 3150 dicite
825 3098 908 3154 cives

143 3193 336 3270 Quemquam
353 3190 423 3246 istas
440 3189 543 3244 laudes
564 3186 674 3242 merito
692 3187 809 3257 majore
826 3192 941 3247 tulisse.

211 3379 302 3435 Dicat
321 3369 384 3444 Jo,
407 3371 432 3431 si
450 3389 484 3427 se
501 3371 587 3439 novit
605 3370 786 3443 Germania,
804 3374 891 3436 dicat.

143 3474 181 3527 At
195 3473 258 3540 jam
278 3486 311 3523 se
329 3467 432 3534 novit,
455 3465 548 3521 sensit
566 3481 617 3533 se,
635 3468 729 3524 sensit
747 3470 781 3522 ad
799 3485 947 3539 unguem,

141 3564 184 3619 Es
205 3563 369 3626 succlamat
386 3553 452 3630 J0,
474 3560 553 3614 miro
571 3560 720 3614 lautissima
738 3561 855 3632 plausu.

142 3656 243 3712 Dicite
261 3654 303 3709 Jo
324 3654 424 3722 cives,
443 3662 473 3707 ct
489 3652 532 3707 Jo
552 3653 598 3708 bis
615 3653 704 3708 dicite
723 3655 817 3710 civcs.

142 3750 234 3805 Visite
252 3749 372 3804 honore
390 3748 499 3816 Deos,
519 3757 641 3803 onerate
660 3747 760 3802 altaria
781 3748 877 3804 donis.

140 3843 181 3901 Et
196 3853 283 3898 votas
304 3841 410 3897 offerte
428 3856 554 3913 preces,
576 3841 641 3895 dcte
661 3856 786 3896 munera
803 3841 875 3911 grati

142 3939 205 3996 Pro
225 3950 406 3992 conservato
425 3935 589 4005 Capuione.
626 3935 719 4004 quue
738 3935 879 3989 omuibus
899 3935 982 3992 anuis

143 4033 267 4086 Constet
286 4045 363 4102 opus
381 4027 480 4082 titulo.
515 4027 603 4082 Neve
622 4027 782 4082 obscurata
801 4038 931 4084 vetustas

140 4125 262 4181 Eximat
279 4125 341 4179 hoc
361 4125 467 4191 famae,
486 4120 571 4175 titulo
591 4120 778 4190 superaddite
799 4138 938 4193 carmen,

142 4219 205 4275 Pro
224 4217 379 4274 debellatis
398 4213 544 4286 Capnioni
562 4211 640 4268 dona
658 4213 812 4284 sophistis.

141 4313 206 4368 Hos
225 4313 301 4367 inter
320 4318 443 4372 cantus,
459 4306 526 4361 hec
543 4305 619 4359 inter
637 4308 788 4375 carmina,
808 4319 836 4364 et
854 4311 931 4367 inter

142 4404 313 4464 Plaudentis
331 4396 435 4473 populi
452 4399 633 4470 strepitum,
651 4398 874 4473 pulcherrimus
892 4405 950 4460 alto
994 4447 999 4460 .

141 4499 297 4558 Invehitur
314 4509 407 4561 curru
425 4491 585 4565 Cppuiou,
604 4500 633 4548 et
648 4493 875 4571 luminalpaseit
