2624 5108
553 787 598 865 in
625 786 789 867 Turcas.
1107 792 1176 874 1191

156 1008 223 1052 non
257 986 298 1051 ita
330 986 437 1070 magni
468 983 621 1051 territorii
651 984 774 1063 fuerit,
820 994 853 1049 et
880 989 985 1047 tamen
1015 988 1180 1071 ingentem

158 1090 304 1152 omnibus
318 1098 435 1153 metum
447 1090 619 1170 pepererit,
640 1089 718 1173 quid
732 1086 877 1149 futurum
893 1087 1020 1168 putatis,
1039 1089 1064 1151 si
1078 1087 1183 1171 (tprod

159 1192 251 1255 Deus
270 1190 448 1271 prohibeat)
469 1200 599 1273 egentes
620 1188 690 1264 isti,
722 1210 791 1272 quie
817 1209 875 1268 per
899 1208 1012 1269 magua
1038 1188 1185 1271 undique.

158 1292 249 1355 turba
282 1301 353 1368 est,
396 1313 503 1359 rerum
536 1290 702 1373 penuriam
729 1299 985 1373 conquerentes,
1017 1309 1083 1349 non
1110 1309 1181 1351 esse

156 1394 273 1454 bellum
291 1394 441 1468 clament,
467 1403 622 1468 vestram,
648 1391 830 1473 Principes,
851 1390 1002 1454 desidiam
1020 1403 1178 1467 accusent,
1277 1396 1280 1405 '

154 1516 262 1558 rerum
290 1496 504 1577 gubernacula
535 1494 761 1557 contumeliose
797 1493 962 1556 criminant
983 1492 1036 1571 ⁴¹),
1068 1491 1179 1554 incon·

156 1599 236 1659 sults
254 1597 362 1677 plebs,
383 1596 506 1663 furiosa
525 1595 711 1669 multitudo,
739 1596 883 1657 insanum
902 1597 1035 1677 vulgus,
1062 1591 1089 1657 si
1106 1592 1182 1657 tales

154 1699 303 1782 inquam,
344 1698 402 1761 ista
426 1721 468 1762 ex
494 1718 604 1771 causa,
626 1696 671 1767 sie
697 1695 837 1771 incitati,
871 1697 910 1758 arl
941 1695 1077 1778 aliquam
1104 1712 1182 1755 con·
1249 1720 1255 1730 ·

154 1799 368 1881 junctionem,
389 1799 482 1874 illud,
511 1799 600 1881 quod
617 1797 671 1859 diu
688 1793 751 1876 jam
769 1795 902 1878 agitant,
924 1795 1088 1857 consilium
1108 1816 1182 1875 per.-

155 1900 328 1974 duxerint,
356 1922 450 1981 quam
469 1899 608 1973 cladem,
635 1918 714 1980 spiras
735 1907 872 1977 strages,
894 1919 987 1980 quam
1008 1897 1181 1958 vastitatem

154 2019 344 2081 presumere
364 1998 461 2061 licet?
487 1999 643 2063 Proiecto
663 2019 728 2061 non
749 2019 821 2060 cum
840 1997 914 2061 solis
930 1995 1045 2060 'l'ureis
1065 1996 1182 2059 belluur

156 2100 250 2163 uobis
276 2110 334 2162 est.
379 2101 567 2181 Quanquam
593 2100 620 2160 si
648 2119 708 2161 vos
733 2100 848 2175 vullis,
878 2119 951 2161 eum
976 2096 1062 2160 solis.
1100 2099 1182 2161 Nam

155 2201 246 2282 quod
269 2222 328 2263 nos
347 2199 397 2262 hic
418 2211 510 2282 urget
530 2200 722 2281 periculum,
757 2200 783 2262 si
802 2199 944 2263 hostibus
965 2199 1179 2268 obvertemus,

153 2319 280 2361 omnem
306 2301 403 2361 semel
430 2310 565 2375 metum,
600 2321 726 2365 omnem
753 2299 940 2364 discriminis
967 2297 1181 2378 suspicionem

153 2397 292 2469 emedio
308 2400 536 2467 sustulerimus.
576 2402 654 2481 Quae
674 2423 744 2467 cum
761 2401 803 2462 ita
820 2400 899 2474 sint,
920 2419 956 2460 ac
975 2420 1033 2465 vos
1054 2398 1181 2462 abunde

152 2498 344 2564 intellexisse
372 2511 502 2579 putem,
535 2502 691 2585 quamsit
721 2498 934 2566 necessarium
962 2501 1025 2563 hoc
1051 2500 1179 2574 bellum,

152 2619 247 2680 quam
264 2611 419 2665 coactum.
444 2601 571 2665 Deinde
586 2604 695 2686 quales
714 2600 847 2684 gerendi
865 2599 1059 2662 occasiones.
1087 2601 1180 2663 Nunc

153 2699 187 2760 in
206 2700 238 2762 id
258 2701 428 2777 intendite,
458 2703 547 2787 qrrorl
566 2703 708 2764 secundo
729 2704 801 2763 loro
821 2701 995 2784 proposui,
1014 2722 1080 2784 quo
1102 2720 1179 2762 con·

149 2801 222 2865 silio
248 2825 316 2866 rem
344 2802 584 2886 pulcherrimam
609 2803 739 2886 aggredi
763 2803 872 2876 liceat3
905 2803 994 2889 quod
1014 2801 1054 2866 sit
1074 2820 1180 2863 reino-

149 2904 289 2969 vendum
322 2905 538 2981 obstaculum,
578 2926 674 2988 quam
704 2922 723 2965 e
752 2902 858 2965 medio
892 2904 1002 2964 tollere
1032 2910 1180 2982 oporteat

149 3001 371 3068 difficultatem.
417 3006 566 3090 Denique
591 3005 631 3068 ml
656 3005 736 3069 hauc
761 3002 999 3084 expeditionem
1025 3002 1104 3085 quid
1128 3023 1179 3064 rc·

148 3100 303 3184 quiratur.
343 3107 387 3167 Et
405 3107 571 3189 quomodo
594 3107 724 3189 quidem
743 3104 843 3184 possit
862 3106 924 3169 hoc
943 3102 1060 3165 bellrun
1083 3102 1177 3165 facile

146 3200 235 3283 geri,
268 3201 393 3267 duabus
423 3202 596 3284 praesertim
624 3205 656 3269 in
688 3205 784 3270 rebus
814 3217 981 3280 versatum
1018 3203 1177 3266 communi

147 3302 339 3377 concordia,
358 3312 390 3367 et
407 3314 443 3366 ut
461 3302 650 3369 unanimiter
670 3304 853 3387 imperatori
872 3316 980 3386 pareat
995 3304 1175 3367 Germania.

146 3403 228 3465 Nam
253 3403 343 3487 quod
368 3403 462 3465 tertio
486 3406 559 3473 loco
580 3417 698 3489 querat
717 3405 848 3489 aliquis,
876 3407 962 3469 unde
982 3417 1174 3469 commeatus

144 3512 307 3582 suppetat,
327 3502 431 3565 minus
445 3505 577 3567 sollicite
591 3527 668 3587 ago,
689 3519 795 3569 certus
811 3507 838 3569 si
854 3510 917 3569 heec
930 3509 1013 3583 duo,
1031 3507 1176 3590 quando-

144 3601 274 3685 quidem
299 3624 337 3666 ea
360 3602 496 3667 maxime
524 3626 541 3667 a
567 3606 660 3667 vobis
685 3605 924 3680 desiderantur,
958 3608 1173 3687 pr-rstiteritis,

141 3724 209 3789 non
227 3702 412 3776 defuturum
428 3704 460 3765 in
475 3704 541 3766 aliis
562 3703 737 3767 eonsilium.
770 3705 845 3781 Quo
865 3705 909 3767 sic
923 3707 1076 3782 habente,
1097 3729 1175 3768 con·
1215 3724 1217 3729 ’

142 3803 278 3867 siderate
298 3825 357 3868 oro
377 3824 414 3867 ac
434 3804 641 3885 perpendite,
661 3824 757 3885 quam
772 3805 858 3864 nullo
876 3805 1026 3887 negotio,
1048 3805 1173 3887 quantis

142 3901 236 3967 bonis
263 3904 468 3973 fundamenta
493 3903 599 3985 jacere
625 3902 727 3987 liceat.
768 3904 879 3985 Quadis
916 3916 990 3966 sunt
1017 3905 1100 3965 enim
1124 3903 1174 3965 illa

143 4023 214 4084 quae
232 4023 291 4065 vos
312 4003 466 4073 dissidere
485 4003 632 4079 faciunt?
663 4006 779 4067 Nonne
801 4003 856 4087 qui
875 4013 1016 4065 vestrum
1036 4002 1171 4073 maxime

140 4099 258 4178 injuria
286 4123 320 4163 se
347 4106 477 4167 affectos
504 4107 633 4180 volunt,
664 4102 784 4189 aliquid
810 4105 850 4166 de
876 4103 992 4167 finibus
1019 4104 1080 4167 sibi
1107 4105 1174 4177 suis

142 4200 317 4267 detractum
337 4216 525 4286 queruntur.
563 4206 672 4293 Atque
697 4206 756 4279 bac
781 4206 852 4277 sere
880 4225 974 4278 carisa
999 4205 1107 4288 potior
1135 4227 1171 4271 ac

142 4336 337 4359 p-——-—.-

175 4417 204 4491 ’)
217 4433 342 4487 stanuum
357 4440 487 4490 accrescat,
509 4436 660 4482 summai:
679 4434 809 4481 clamantes
816 4448 826 4493 5
840 4435 979 4483 accusantes
986 4452 994 4493 3
1008 4436 1169 4486 rrlnrlnanter.
