2624 5108
194 863 266 938 488
580 857 841 933 Exhortatoria

196 1064 343 1129 eecuset,
376 1061 488 1133 praeter
513 1050 675 1115 fortunam
704 1050 780 1113 nibil
805 1049 929 1113 haben.
978 1048 1111 1129 Semper
1135 1051 1223 1114 enim

196 1167 326 1221 strenue
355 1152 523 1233 pugnanti,
563 1163 598 1214 ut
623 1152 762 1215 incertus
789 1149 983 1233 proponitur
1019 1148 1142 1228 exitus,
1176 1152 1222 1214 ita

197 1254 351 1339 quiequid
370 1252 534 1326 acciderit,
562 1263 647 1315 certa
665 1250 790 1315 virtutis
809 1250 1017 1327 existimatio,
1039 1271 1076 1314 ac
1091 1253 1223 1336 propria

196 1356 339 1437 quedam
355 1365 385 1415 et
403 1351 570 1435 peculiaris
591 1351 703 1429 gloria.
741 1350 824 1415 Cum
844 1351 965 1414 interea
983 1350 1129 1415 desertor
1151 1351 1226 1429 ille,

196 1455 312 1519 nullius
329 1453 389 1514 sibi
407 1454 484 1515 boni
498 1451 642 1527 consilii,
663 1450 777 1514 nullius
795 1452 869 1514 clari
888 1451 1039 1515 facinoris
1054 1452 1223 1528 conscius,

196 1553 297 1617 simile
314 1553 464 1636 quiddam
486 1553 621 1633 patietur
639 1550 704 1627 bis,
729 1550 785 1634 qui
803 1553 893 1635 quod
913 1552 974 1633 ipsi
995 1554 1078 1615 rdtro
1096 1551 1223 1632 abjece-

196 1667 286 1729 runt,
323 1675 437 1735 magno
457 1652 524 1715 aliis
557 1651 631 1715 usui
653 1673 723 1714 esse
748 1650 868 1714 vident.
914 1654 1000 1717 'l'um
1022 1651 1099 1715 illud
1123 1653 1222 1714 credo

198 1754 332 1829 Tur-cis,
359 1758 468 1836 quales
500 1755 609 1836 quales
627 1764 718 1827 eunt,
748 1772 915 1818 commune
941 1752 1109 1817 nobiscum
1134 1773 1224 1829 esse,

197 1865 233 1919 ut
254 1854 335 1917 sicut
365 1853 609 1936 propensiorem
636 1852 671 1915 in
696 1864 843 1915 strenuos
872 1852 1142 1925 misericordiam,
1176 1852 1223 1915 ita

196 1953 370 2017 districtius
395 1954 428 2015 in
453 1953 580 2017 timidos
610 1952 719 2017 odium
746 1954 838 2016 alant.
886 1955 1048 2034 Quorsum
1067 1952 1155 2015 baec?
1188 1962 1233 2015 ut·

196 2066 408 2139 praeposteros
432 2054 502 2116 illos
529 2055 729 2116 consultores
751 2073 769 2113 e
793 2051 886 2115 vobis
913 2052 1064 2136 ablegetis
1085 2053 1225 2130 nedum,

197 2174 264 2217 non
294 2154 426 2217 audiatis
457 2174 494 2216 ac
524 2137 710 2236 sequamiiri.
763 2152 848 2216 Nihil
878 2154 1090 2235 germanitatis
1117 2154 1225 2218 inius-

196 2253 284 2319 modi
314 2254 478 2317 suasiones
511 2253 647 2334 sapiunt.
699 2254 824 2318 Idcirco
854 2274 927 2317 cum
962 2254 1027 2317 suis
1058 2254 1224 2317 autoribus

197 2365 376 2420 extremum
404 2353 653 2417 contemnendae.
710 2354 797 2435 Quid
829 2355 912 2418 enim
949 2354 1038 2420 fertis
1071 2376 1128 2419 eos
1166 2354 1225 2438 qui

196 2454 337 2519 dedecus
359 2466 543 2535 proponunt
564 2466 595 2517 et
618 2456 658 2518 ad
676 2454 835 2518 infamiam
853 2455 996 2519 ducunt?
1026 2454 1113 2535 Quin
1136 2474 1224 2522 anna

197 2554 319 2619 sumitis
344 2567 376 2616 et
404 2559 556 2639 populum
578 2555 791 2620 Christianum
812 2566 897 2618 metu
922 2577 958 2618 ac
982 2555 1125 2638 periculo
1146 2554 1224 2616 libe-

197 2676 268 2723 tnm
295 2655 437 2721 redditis.
472 2657 543 2720 lam
568 2657 643 2719 buic
660 2676 848 2718 succurrere
872 2656 1004 2731 morbo,
1038 2658 1099 2717 hoc
1120 2652 1224 2720 extin-

198 2775 299 2837 guere
320 2755 502 2819 incendium
520 2757 604 2819 licet.
643 2755 743 2819 Sinite
765 2756 896 2818 ulterius
920 2754 1070 2838 grassari,
1105 2754 1227 2818 fnastrn

197 2856 386 2924 medicinam
406 2855 628 2929 adhibueritis,
660 2855 778 2918 frustra
799 2856 916 2917 valenti
935 2858 1017 2917 malo
1039 2877 1099 2916 vos
1121 2874 1226 2937 oppo-

198 2958 335 3023 sueritis.
379 2958 541 3023 Summum
571 2956 604 3021 iu
635 2976 723 3021 mora
758 2957 951 3036 periculum,
991 2956 1156 3020 manifesta
1188 2954 1228 3019 in'
1272 3001 1275 3011 .

199 3058 401 3120 cunctatione
424 3052 591 3136 pernicies.
634 3057 742 3141 Atque
771 3054 848 3131 ista,
877 3055 905 3121 si
931 3055 1009 3141 qnid
1037 3055 1225 3130 infeliciter,

199 3176 381 3239 quanquam
408 3157 525 3220 laetiora
564 3157 706 3230 ominor,
759 3165 865 3221 tmen
891 3155 919 3219 si
946 3156 1025 3240 quid
1055 3155 1247 3219 infeliciter‘

197 3258 304 3333 cedat,
340 3269 458 3340 rprarrto
485 3257 594 3331 nobis,
634 3278 728 3340 quam
756 3254 825 3321 aliia
850 3254 963 3321 tibrim
990 3255 1131 3318 conditio
1153 3255 1229 3319 cst?

199 3357 364 3438 Siquidem
382 3379 400 3419 a
417 3357 512 3419 Gallis
527 3378 638 3423 aurum
654 3366 759 3437 sperat
769 3354 895 3435 Tusca,
913 3370 1019 3439 sperat
1033 3355 1227 3433 aDalmatis,

198 3456 360 3536 Huugaris
389 3466 421 3517 et
448 3454 592 3532 Illyrico,
629 3476 647 3517 a
677 3456 845 3521 Germanis
868 3476 936 3519 non
965 3468 1079 3538 sperat.
1134 3456 1227 3520 Idem

197 3574 326 3633 magnas
346 3552 439 3614 ltaliae
460 3573 537 3633 opes
561 3574 598 3614 ac
619 3555 678 3616 soli
703 3554 897 3624 fertilitatem
918 3557 1028 3632 inhiat,
1056 3555 1227 3618 borridum

200 3653 375 3718 Germanias
400 3657 512 3717 eoelum
535 3653 665 3737 refugit.
711 3656 822 3719 Ubivis
853 3658 963 3738 potior
987 3657 1032 3721 illi
1056 3677 1150 3740 quam
1173 3660 1227 3721 hic

197 3753 340 3821 lucrandi
365 3777 448 3837 spes.
498 3755 607 3838 Atque
624 3755 721 3839 igitur
749 3758 859 3821 durius
884 3756 1010 3821 habebit
1034 3778 1090 3820 eos
1119 3757 1225 3820 victor

197 3855 266 3932 itte,
305 3855 361 3938 qui
389 3878 424 3919 se
452 3857 583 3923 minoris
617 3858 783 3924 rediment.
835 3856 916 3921 Sane
954 3859 1065 3937 predas
1096 3856 1225 3920 ubertas

196 3955 327 4022 victoris
360 3955 438 4023 iram
462 3957 555 4033 lenit,
597 3958 653 4041 qui
685 3968 770 4019 tanto
794 3958 895 4019 minus
928 3957 1067 4031 occidet,
1102 3969 1225 4041 quanto

196 4058 373 4136 spoliorum
390 4058 521 4138 amplius
538 4057 692 4138 consequi
710 4056 825 4118 licebit.
865 4056 1027 4118 Satiabunt
1043 4059 1107 4119 hec
1125 4057 1227 4119 hosti·

196 4156 259 4225 lom
286 4157 464 4232 avaritiam,
503 4168 536 4219 ct
562 4176 701 4238 quorum
726 4156 892 4235 pecuniam
924 4157 1101 4232 abstulerit,
1131 4157 1226 4219 facile

196 4254 294 4323 vitam
321 4257 413 4325 sinet.
459 4256 611 4318 Nostrum
640 4255 718 4336 quid
742 4253 827 4319 aliud
854 4257 948 4338 petit,
986 4278 1080 4341 quam
1110 4257 1225 4335 sitam,
1277 4326 1281 4332 ,

198 4373 294 4439 quam
313 4355 520 4440 sanguinem?
540 4355 633 4426 Adde
652 4357 732 4430 hoc,
755 4357 844 4443 quod
862 4378 928 4420 non
947 4356 989 4419 illi
1007 4357 1110 4421 minus
1128 4378 1226 4439 quam

195 4467 354 4521 terrarum
372 4455 444 4523 orbi
469 4476 657 4543 persuasum
677 4465 742 4533 est,
768 4456 1035 4523 bellicosissimam
1055 4478 1124 4521 esse
1143 4458 1227 4521 banc
