2624 5108
145 866 215 940 lto
421 870 476 942 Ad
495 870 620 941 llemn.
643 868 688 939 de
709 865 881 940 Nuensar

145 1057 292 1145 gestum?
328 1060 405 1140 Ouo
425 1081 520 1135 naso,
556 1059 671 1143 tp1ibus
706 1056 899 1138 superciliis,
936 1080 1000 1142 qua
1029 1057 1157 1137 leonte,

144 1163 259 1245 quibus
288 1160 434 1223 lateribus
466 1162 497 1222 in
528 1156 780 1242 ruduscujusqttl'
807 1158 1068 1222 existimationem
1100 1163 1159 1223 de·

144 1264 359 1327 bacchantur?
393 1266 537 1345 Quorum
565 1258 605 1320 de
632 1280 782 1335 numero,
823 1280 1001 1343 quanquam
1032 1261 1158 1323 diversa

143 1376 248 1439 sorte,
268 1375 313 1425 est
330 1365 413 1442 apud
430 1357 691 1422 Prarrcolurdinm
710 1368 823 1423 Petrus
838 1370 978 1441 Meyer,
1009 1362 1159 1425 indoctis·

144 1463 239 1526 simus
256 1473 334 1543 puto
353 1461 491 1524 omnium
507 1457 562 1543 qui
579 1457 736 1537 Capnioui
753 1457 910 1535 invident,
931 1462 1034 1523 audax
1052 1474 1157 1525 tamen

143 1574 175 1624 et
197 1562 360 1643 insigniter
380 1564 530 1641 petulans.
580 1557 641 1619 llic
657 1580 735 1620 vero
760 1559 919 1634 omnium,
949 1562 1005 1644 qui
1024 1584 1159 1644 usrptam

143 1673 258 1739 agunt,
304 1660 492 1735 malignitate
531 1657 756 1740 perditissimus
796 1662 1063 1728 Bar-tholomeus,
1101 1665 1158 1737 qui

142 1769 338 1822 Decimnror.
375 1760 421 1820 lla
439 1759 557 1821 nullum
574 1759 656 1838 apud
676 1759 786 1820 rudem
808 1759 957 1836 populum
977 1777 1157 1819 sermonem

142 1859 234 1921 lubet
248 1859 402 1931 verbero,
422 1880 515 1940 quern
530 1879 594 1919 non
608 1858 712 1939 aliquo
727 1857 937 1935 perversitatis
950 1878 1013 1917 suae
1030 1876 1156 1918 veneno

143 1960 329 2021 condiverit.
382 1962 428 2021 lla
461 1960 537 2022 nihil
565 1960 641 2023 citra
670 1956 817 2020 invidiam
846 1960 995 2041 loquitur.
1049 1956 1097 2018 lta
1123 1954 1157 2019 in

143 2059 245 2121 bonos
268 2078 377 2121 omnes
403 2058 550 2141 obliquus
576 2078 700 2139 semper
727 2068 784 2119 est.
831 2060 873 2119 Et
897 2057 931 2119 in
956 2056 1157 2138 Capnionem

144 2180 213 2242 cpite
241 2160 304 2237 (dii
322 2160 417 2232 boni)
446 2159 607 2222 maledicta
642 2180 734 2242 quam
764 2158 949 2241 frequenter
975 2156 1159 2237 jaculaturi

144 2262 215 2347 an
233 2259 264 2321 in
284 2259 436 2341 optimum
449 2260 552 2321 viriam
567 2257 714 2339 quareitia
730 2258 956 2339 degrassatur?
974 2276 1158 2341 quanqum

143 2360 205 2422 hoc
231 2359 275 2422 illi
310 2382 374 2422 non
399 2360 533 2422 feliciter
560 2358 729 2422 admodum
755 2358 854 2434 cedit,
895 2358 950 2442 qui
982 2358 1059 2421 dum
1087 2354 1157 2421 aliis

143 2461 247 2521 studet
275 2462 359 2540 apud
388 2460 523 2522 infimam
548 2459 671 2539 piebem
694 2457 842 2521 invidiam
867 2457 1049 2533 conciliare,
1085 2457 1157 2538 ipss

140 2579 177 2622 se
211 2561 295 2641 apud
328 2560 490 2641 optimates
530 2559 562 2622 in
592 2560 802 2640 periculosum
834 2558 896 2635 jam
924 2579 1012 2639 paene
1045 2558 1157 2621 utinm

144 2659 289 2739 ttortjecit.
333 2663 422 2723 Hauc
450 2660 562 2723 faciem
590 2660 617 2722 si
642 2658 767 2721 videres
779 2704 787 2732 ,
821 2657 918 2736 ipsam
948 2669 979 2719 le
1004 2657 1157 2720 invidiam

142 2761 252 2823 uitlere
276 2760 408 2823 diceres.
446 2763 538 2824 Adeo
562 2760 694 2822 homlnis
718 2780 821 2821 mores
849 2758 881 2821 in
900 2757 1046 2838 corporis
1073 2778 1157 2841 quo-

143 2882 205 2943 qne
227 2860 417 2923 lineamentis
439 2870 548 2921 natura
572 2862 734 2940 expressit.
772 2859 877 2922 Simile
897 2859 1047 2941 quiddam
1068 2878 1157 2920 scor·

142 2961 290 3041 pionibus
304 2960 396 3023 babet
412 2970 564 3038 aspectus.
605 2962 683 3022 Nam
700 2970 735 3020 ut
749 2959 872 3021 illorum
885 2959 984 3020 cauda
1000 2959 1040 3020 ad
1056 2958 1155 3020 ictum

142 3078 265 3141 semper
287 3070 334 3121 e'st
350 3071 473 3140 parata,
493 3060 534 3122 ita
551 3058 643 3139 hrrjus
665 3058 931 3121 concionatorculi
946 3058 1011 3120 oris
1032 3059 1156 3140 species

142 3162 227 3222 omni
251 3172 409 3223 momento
430 3161 469 3222 ad
489 3144 677 3240 omnemque
695 3178 860 3221 occursum
878 3159 1014 3221 ostendit
1030 3156 1156 3240 jamjam

141 3261 259 3345 aliquid
278 3261 434 3323 hominem
458 3259 529 3320 mali
551 3259 707 3339 cogitare,
745 3258 874 3341 aliquod
895 3260 1037 3322 meditari
1060 3264 1157 3323 malo-

141 3363 276 3437 dletum,
297 3361 414 3441 aliqum
431 3368 553 3419 stnrere
572 3358 716 3435 insidias,
736 3361 869 3443 aliquam
888 3360 1030 3422 fraudem
1047 3372 1156 3424 necte-

141 3482 194 3534 re,
224 3460 256 3520 in
281 3478 400 3520 summa
419 3456 552 3538 aliquam
576 3480 716 3543 coquere
734 3460 895 3538 invidiam,
938 3460 985 3521 lta
1002 3482 1053 3523 me
1072 3472 1156 3523 amet

142 3556 305 3632 Christus,
337 3569 373 3619 ut
396 3558 573 3621 ominosum
595 3561 668 3623 mibi
688 3560 780 3643 hujus
803 3560 970 3624 nebulonis
988 3562 1156 3623 fortuitum

142 3676 268 3720 ormrem
286 3676 452 3721 oeetarsum
477 3679 545 3721 esse
569 3661 712 3723 arbitror.
752 3665 858 3744 Atque
876 3660 990 3744 igitur,
1019 3680 1155 3744 quoquo

140 3756 258 3820 iturum
282 3759 488 3837 praescivero,
525 3761 626 3823 statim
648 3762 721 3824 inde
746 3763 879 3825 (livedo.
924 3760 1083 3824 Proseidit
1104 3780 1157 3822 me

141 3880 205 3921 uon
235 3863 331 3924 semel
355 3860 388 3922 in
415 3863 631 3938 sermonibus,
666 3882 772 3945 neque
802 3863 836 3925 id
863 3863 1008 3925 obscure.
1060 3862 1156 3923 Tales

140 3980 225 4021 nune
248 3961 340 4023 babet
361 3962 526 4024 Germania
552 3965 726 4039 apostolos,
764 3967 837 4027 tales
863 3962 1017 4043 evangelii
1035 3982 1158 4042 praco-

141 4080 214 4134 nes,
249 4060 400 4124 ferendos
426 4061 495 4123 illos
526 4062 669 4143 quidem,
707 4064 784 4126 vitia
812 4065 972 4127 bominum
997 4073 1158 4146 quatenus

141 4158 284 4240 benigne-
297 4161 481 4243 argiaebant.
520 4163 610 4223 Nunc
625 4182 696 4226 eum
713 4166 817 4227 omnia
832 4165 892 4228 sibi
910 4165 1006 4226 licere
1024 4172 1158 4241 putent,

142 4270 173 4319 et
190 4281 232 4322 cx
248 4260 377 4323 libidine
391 4260 499 4323 euicui
514 4265 641 4340 volunt,
660 4265 864 4341 maledicant,
884 4267 968 4327 nullo
990 4262 1159 4346 religionis

142 4361 228 4435 zelo,
262 4363 346 4423 nialla
364 4360 486 4440 pietatis
507 4364 732 4427 recordatione·
748 4366 946 4449 evangelium
964 4364 1160 4445 predicent,

141 4478 202 4537 pro
220 4460 331 4525 divino
351 4460 451 4524 verbo
470 4463 613 4527 convicia
628 4466 798 4541 seminent,
816 4478 852 4529 ut
870 4466 905 4528 in
919 4463 1047 4548 publico
1065 4484 1160 4539 sacro
