2860 4732
285 475 353 541 308
725 466 857 542 Nemo.

212 670 215 679 ·
285 663 522 737 maculatores,
559 682 595 724 ac
614 661 647 725 id
675 683 775 746 gemis
799 662 1002 736 doctorculi,
1031 661 1070 724 ab
1095 662 1198 724 alteris
1221 681 1306 724 sero

284 757 405 824 subtilis
435 773 567 844 Scotus,
599 775 794 847 Seraphicus
819 773 1061 841 Bonaventnra,
1098 763 1149 824 bia
1174 775 1307 824 sanctus

285 871 445 943 Thomas,
476 866 572 928 unice
585 887 725 949 magmis
744 873 910 940 Alatreus,
929 885 964 926 ac
988 861 1212 944 irrefragabilis
1230 862 1308 944 qui-

284 965 371 1041 dam,
409 966 501 1046 cujus
526 965 603 1030 milti
630 986 748 1028 nomen
778 985 837 1046 per
861 963 1009 1045 injuriam
1033 963 1160 1026 excidit.
1216 965 1260 1024 Et
1283 986 1308 1034 Δι

284 1066 377 1128 tantis
402 1067 558 1147 magistris
587 1066 664 1128 tanti
681 1067 848 1148 discipuli,
884 1066 924 1127 alt
952 1064 1128 1127 istiusmodi
1158 1063 1307 1128 tontibus

284 1167 316 1230 hi
337 1165 398 1227 rivi
419 1177 509 1240 sunt,
528 1176 565 1227 ut
582 1166 657 1228 sciat
680 1167 811 1250 aliquis,
832 1169 871 1230 ad
892 1177 1021 1230 Scotum
1040 1159 1306 1250 quantum-nonis

283 1276 396 1341 restet,
417 1266 473 1348 qui
489 1264 577 1327 inter
595 1279 766 1328 sectatores
785 1267 883 1338 illins,
909 1279 970 1328 tam
984 1267 1059 1330 nihil
1079 1267 1213 1341 scimus,
1239 1277 1308 1330 taut

283 1385 391 1426 sumus
414 1364 573 1427 inenrdite
592 1367 719 1442 eruditi.
765 1370 952 1450 Quanquam
975 1378 1010 1429 tu
1035 1368 1145 1430 solitus
1158 1365 1208 1429 sis
1232 1365 1308 1440 imi·

284 1466 359 1541 tari,
382 1465 437 1549 qui
451 1487 510 1529 nos
524 1465 599 1529 olim
610 1467 804 1540 docinrunt,
826 1466 1051 1541 Colanimses,
1064 1477 1103 1528 et
1114 1467 1306 1548 syllogismis

283 1555 479 1642 fulminare,
496 1587 533 1627 ac
549 1567 577 1630 si
593 1569 721 1650 quando
741 1568 945 1649 provocaris,
971 1565 1113 1632 alacriter
1129 1569 1305 1651 congredi,

285 1685 464 1749 opponere,
486 1685 660 1742 assumere,
682 1669 895 1748 respondere,
909 1668 1129 1732 conclusiones
1145 1668 1305 1750 sustinere

284 1771 332 1834 bis
350 1768 478 1851 triginta
490 1789 736 1850 nonnunqum,
766 1789 900 1852 arguere
920 1787 980 1848 pro
998 1779 1030 1828 et
1048 1780 1175 1844 contra,
1204 1789 1303 1852 quem

283 1870 328 1936 illi
338 1891 405 1932 non
416 1869 517 1932 statim
526 1871 679 1950 probant,
700 1870 789 1951 quod
796 1889 865 1930 non
875 1866 1049 1930 formaliter
1062 1869 1190 1933 consuis
1206 1889 1303 1948 argu·

283 1984 398 2036 menta.
437 1971 535 2052 Quod
552 1989 653 2053 genus
673 1983 720 2033 est
736 1969 786 2032 ilia
801 1968 948 2051 questio:
972 1969 1026 2032 An
1044 1969 1165 2033 acutius
1181 1970 1307 2054 aliquid

284 2073 396 2138 videre
412 2073 571 2154 potuerit,
596 2079 704 2152 raptus
720 2071 754 2133 in
771 2068 897 2132 tertium
915 2069 1027 2130 coelum
1044 2069 1176 2144 Paulus,
1205 2091 1303 2153 quam

285 2178 319 2239 in
351 2195 408 2238 sua
444 2173 540 2248 cella,
588 2181 660 2234 caim
693 2170 785 2233 tantis
813 2167 1080 2248 speculationibus
1114 2169 1302 2232 indormierat

286 2275 454 2360 aliquando
475 2274 598 2336 Doctor
618 2283 759 2346 sanctus,
781 2280 871 2332 acute
889 2279 924 2330 ut
942 2267 1018 2330 mihi
1034 2269 1212 2341 videbatur,
1239 2291 1301 2351 per

285 2389 317 2440 te
347 2376 522 2454 disputata,
562 2373 620 2434 sed
653 2372 693 2434 ab
717 2369 893 2438 illuminatis
921 2377 1113 2448 Thamara,
1151 2371 1208 2454 qui
1237 2370 1299 2434 soli

284 2475 452 2538 cerelmum
478 2475 613 2549 habent,
652 2471 856 2536 discutienda.
904 2470 978 2533 Non
1006 2472 1104 2556 magis
1131 2482 1201 2532 orto
1229 2473 1300 2534 sole

285 2585 479 2636 evanescunt
492 2573 628 2634 'minima
649 2573 768 2647 sidera,
805 2591 900 2653 quam
915 2591 975 2636 nos
995 2581 1087 2636 Crote
1102 2583 1300 2655 quantocun-

286 2694 351 2758 que
375 2681 552 2750 conventu,
594 2675 732 2756 quodam
762 2693 797 2734 re
824 2669 1001 2734 istiusmodi
1026 2672 1134 2734 farinae
1160 2675 1301 2738 clamoso

284 2773 495 2856 tripudiatore
524 2772 689 2857 ingerente
709 2769 836 2833 obscuri
862 2773 964 2836 limma
1015 2773 1079 2836 Sed
1098 2773 1178 2834 audi.
1193 2793 1301 2838 meum

284 2877 343 2940 hac
364 2875 397 2938 in
419 2897 456 2938 re
482 2875 656 2937 consilium.
696 2873 868 2955 Postquam
888 2874 962 2937 milri
979 2876 1172 2938 stomachum
1190 2895 1300 2950 more·

284 2986 360 3040 runt
383 2975 436 3036 isti
459 2973 534 3034 olim
555 2971 687 3052 superbi
703 2973 810 3054 legum
829 2972 1060 3056 dispensatores
1079 2974 1199 3050 fateor,
1226 2995 1300 3041 esso

285 3071 404 3154 aliquid
431 3069 598 3146 contendi,
641 3081 674 3131 et
701 3089 748 3134 eo
781 3072 921 3136 studium
950 3071 1067 3134 contuli
1097 3091 1221 3150 meum,
1261 3097 1302 3138 ac

285 3171 480 3249 dispeream,
513 3169 540 3232 si
569 3172 631 3232 ulla
657 3171 716 3233 alia
745 3171 883 3248 ratione,
910 3192 1004 3257 qnam
1024 3173 1076 3234 vel
1099 3182 1135 3234 ut
1154 3157 1300 3238 meorum

284 3268 445 3333 desiderio
464 3269 692 3348 satisfacerem,
718 3275 769 3334 vel
783 3271 886 3352 ipsum
905 3274 997 3348 illud,
1019 3285 1299 3358 quantumcunque

283 3369 488 3452 nugatorium
501 3381 567 3448 est,
594 3393 661 3458 quo
685 3372 742 3435 isti
759 3371 950 3455 triumphant
964 3381 1195 3451 But-stolam,
1212 3393 1299 3436 asses

283 3481 392 3548 cutus,
428 3484 623 3557 acceptoque
648 3473 798 3536 doctrinae
823 3471 931 3549 titulo,
962 3495 1028 3558 quo
1054 3473 1157 3556 decipi
1180 3476 1296 3558 vulgus
1414 3553 1415 3558 ἵ

178 3631 180 3636 ,
212 3645 215 3648 ,
284 3582 386 3647 amat,
422 3572 461 3634 ab
486 3573 545 3637 illis
568 3571 798 3654 postea-audiri
820 3591 975 3650 mererer,
1016 3577 1107 3659 quud
1127 3574 1216 3639 aliter
1238 3593 1297 3657 pet

184 3671 185 3676 ’
282 3685 498 3753 contemptum
522 3673 720 3737 nauriebat.
769 3675 957 3738 nouom
972 3676 1057 3739 enim
1082 3697 1151 3740 ease
1171 3685 1299 3757 oportet

281 3767 533 3870 nundssdoctum
547 3791 656 3856 neque
671 3785 801 3836 neccsse
820 3785 884 3850 eat,
900 3795 1015 3858 neque
1033 3776 1164 3840 omnino
1179 3774 1299 3858 aliquid

281 3883 338 3936 est.
379 3875 503 3954 Quanta
521 3873 682 3962 literarum
702 3870 823 3954 jactura
841 3877 903 3938 hoc
919 3875 1017 3946 facies
1038 3875 1143 3956 ajebat
1162 3875 1297 3959 aliquis?

255 3989 258 3994 ·
280 3973 374 4036 Nulla
395 3973 563 4054 respondi,
596 3974 714 4057 quippe
734 3975 979 4057 impendendum
1005 3975 1125 4060 aliquid
1150 3973 1296 4040 succuivi

279 4073 447 4153 temporis,
497 4073 573 4138 dum
607 4073 681 4138 istas
720 4075 878 4140 illiteratas
912 4076 1035 4164 literae,
1086 4085 1182 4162 atque
1218 4079 1297 4140 tana
