2624 5108
193 837 259 912 llo
429 831 472 904 ln
497 830 683 905 Ulrichum
706 833 957 935 Wirtenberg.

189 1039 239 1106 te,
271 1039 306 1093 ut
324 1028 481 1101 dicerem,
510 1037 618 1109 parata
632 1026 792 1090 haberem.
830 1027 904 1110 Ego
919 1038 1025 1091 tamer
1042 1029 1210 1093 audebam.

188 1133 304 1215 Neque
328 1150 414 1194 nunc
439 1149 618 1211 provocare
644 1126 743 1193 liuius
765 1116 992 1207 tuas-vereor,
1023 1152 1061 1193 ao
1081 1130 1209 1195 irritare

189 1232 363 1296 amentiam.
408 1231 452 1293 At
471 1229 498 1293 si
516 1227 550 1291 in
572 1231 687 1293 homor
708 1228 889 1313 principum
910 1248 950 1317 po
962 1232 1082 1313 dueum
1099 1232 1210 1325 existi·

188 1335 360 1397 mationem
383 1335 443 1395 tale
469 1331 631 1415 quidpiam
650 1328 815 1407 fecissem,
844 1333 1208 1412 extremumlecllscm,

190 1445 222 1497 et
246 1447 317 1497 ante
342 1433 417 1496 laeti
443 1434 539 1496 finem
566 1452 736 1514 oppressus
763 1432 962 1497 interiissem.
1011 1436 1091 1517 Quae
1116 1435 1152 1498 iu
1178 1448 1212 1501 te

189 1535 294 1610 facio,
315 1554 452 1617 quaeque
468 1531 559 1608 dieo,
592 1533 632 1594 rb
654 1533 1010 1619 omuibusprobontur,
1042 1556 1063 1599 a
1077 1536 1211 1620 quibus-

190 1636 262 1699 dam
277 1633 370 1697 etiem
387 1654 459 1731 enm
472 1632 693 1697 acclametione
709 1632 921 1717 excipiuntur.
960 1637 1098 1701 Trntrrm
1111 1638 1213 1716 abeat,

191 1748 227 1799 ut
243 1732 375 1816 alicujus
393 1755 485 1799 aures
503 1734 679 1812 offendant,
699 1755 770 1818 qne
780 1737 829 1798 de
843 1747 876 1797 te
889 1758 958 1805 non
971 1735 1034 1841 pam
1051 1738 1209 1818 principe,

190 1837 248 1900 red
271 1838 434 1900 maculoso
462 1854 499 1899 ac
531 1835 742 1900 contaminato
769 1837 932 1901 nebulone
965 1840 1210 1931 proolaprunuu.

191 1936 305 2021 Siquid
336 1936 370 2001 in
401 1948 434 2001 te
458 1936 555 2021 igitur
582 1936 713 2001 rationis
743 1949 808 2013 est,
852 1948 907 2000 aut
934 1936 1042 2021 siquid
1076 1939 1209 2002 omnino

191 2060 319 2112 sensus,
353 2040 407 2100 vel
434 2039 475 2101 ad
499 2050 623 2120 tempus
642 2048 674 2103 te
696 2038 827 2123 collige,
857 2060 894 2102 ac
914 2039 949 2105 in
967 2032 1046 2103 illud
1063 2040 1210 2120 respice,

125 2130 128 2135 ’
192 2160 258 2223 quo
274 2136 413 2217 judicio,
443 2159 538 2222 quam
562 2159 688 2203 oausam
706 2138 804 2203 dicas.
829 2200 832 2205 ,
855 2140 930 2202 Non
945 2139 1010 2218 jam
1025 2139 1076 2202 illa
1100 2140 1156 2203 ulis
1177 2153 1210 2203 te

191 2240 304 2304 decem
315 2238 410 2302 millia
424 2238 611 2321 repetimus:
641 2240 750 2303 Tuum
768 2240 973 2321 supplicium,
993 2240 1027 2307 id
1045 2251 1110 2315 est,
1129 2242 1213 2303 tola-

191 2340 272 2405 tium
286 2340 403 2416 cineri,
433 2352 528 2424 atque
546 2339 670 2404 ossibus
682 2341 933 2406 innocentissimi
947 2341 1083 2406 hominis
1098 2342 1214 2406 crude·

191 2441 308 2507 lissime
330 2442 435 2504 abste
457 2440 617 2505 interlecti
638 2445 842 2521 postulamus.
880 2443 1068 2523 Quod-cum
1085 2443 1212 2519 viden,

192 2557 225 2607 et
239 2542 285 2606 tui
304 2544 362 2606 tibi
378 2544 446 2607 odii
459 2544 605 2608 conscius
621 2543 682 2618 sis,
704 2544 867 2626 quomodo
887 2545 1014 2607 tandem
1027 2544 1059 2607 in
1075 2544 1213 2607 animum

192 2643 365 2720 induxisti,
391 2643 437 2707 sio
452 2644 558 2727 potins
579 2644 702 2719 dicere,
728 2660 823 2728 quam
843 2644 974 2707 omnino
991 2643 1067 2707 nilril
1080 2643 1213 2707 dicere?

192 2744 257 2809 Sed
274 2743 336 2808 tuis
360 2745 513 2809 conviciis
532 2745 643 2808 ordine
663 2757 814 2827 quantum
837 2744 907 2807 lieri
927 2756 1051 2827 potest,
1078 2764 1214 2827 respon-

192 2846 289 2911 debo.
327 2845 453 2909 Deinde
467 2865 506 2907 ea
521 2846 554 2907 in
570 2856 601 2905 te
616 2844 733 2919 dicam,
754 2866 824 2929 quae
840 2855 898 2908 tuo
915 2844 1066 2929 ingenio,
1087 2844 1214 2928 tuisque

192 2944 283 3008 lactis
299 2944 511 3020 conveniunt,
531 2956 564 3008 et
583 2964 671 3028 qne,
690 2945 717 3008 si
734 2932 769 3006 in
784 2944 880 3008 alium
897 2945 1099 3020 dicerentur,
1118 2964 1213 3006 nemo

193 3044 303 3108 audire
326 3046 440 3120 uellet,
481 3043 514 3106 in
538 3057 569 3108 te
599 3044 682 3107 dicta
705 3044 845 3108 omnium
872 3065 964 3107 eures
991 3047 1129 3127 (pradum
1149 3065 1215 3106 non

192 3141 367 3226 injucunda
399 3148 562 3228 voluptate
596 3147 783 3208 demulcent.
839 3145 955 3228 Teque
989 3143 1078 3225 prins
1109 3144 1216 3208 Cesar

192 3244 414 3322 invictissime,
436 3267 559 3329 vosque
577 3245 734 3327 principes
752 3267 788 3308 ac
808 3246 871 3309 viri
894 3244 1044 3310 Germani
1065 3266 1145 3322 oro,
1180 3256 1216 3307 ut

193 3346 221 3410 si
245 3345 304 3411 iste
329 3347 364 3410 iu
390 3347 580 3421 calamitate,
617 3366 681 3429 qna
704 3346 900 3410 miseriorem
920 3368 987 3408 non
1006 3346 1137 3427 pertulit
1163 3346 1216 3407 hic

195 3448 296 3523 ordo,
337 3446 481 3509 oratione
511 3446 612 3521 loeda,
653 3455 686 3508 et
718 3468 849 3528 spurca,
891 3446 1036 3509 dolorem
1069 3455 1218 3506 nostrum

195 3545 431 3611 acerbissimum
446 3546 607 3622 refricuit,
641 3558 673 3610 et
693 3547 725 3625 *)
745 3546 954 3621 exulceravit,
989 3545 1038 3608 las
1060 3544 1138 3608 milri
1153 3545 1217 3622 sit,

195 3660 335 3711 nostram
353 3646 487 3729 primmn
511 3649 594 3711 tucri
609 3647 840 3725 innocentiam,
871 3648 987 3711 deiude
1007 3643 1103 3724 hujus
1120 3647 1217 3709 male·

197 3747 288 3812 dictis
311 3748 414 3811 vicem
432 3752 579 3813 reddere.
624 3750 692 3811 Nec
707 3750 839 3816 molesta
856 3768 895 3811 ea
912 3748 1006 3812 vobis
1026 3746 1128 3811 oratio
1145 3766 1216 3809 esse

198 3848 308 3925 debet,
348 3849 379 3911 in
402 3871 466 3932 qna
488 3850 565 3913 nihil
591 3852 715 3926 lictum,
751 3848 827 3913 nihil
852 3849 1038 3912 accersitum
1062 3847 1212 3910 adferam.

198 3949 325 4013 Etenim
352 3950 401 4027 ‘'s‘)
439 3952 610 4032 profiteor,
656 3970 694 4012 ea
728 3949 885 4013 dicturum
924 3970 993 4027 me,
1049 3970 1119 4033 qne
1156 3948 1220 4011 hoc

198 4052 320 4114 latrone
352 4052 448 4135 digna
475 4062 564 4125 sunt,
594 4061 735 4132 etque,
770 4050 797 4114 si
827 4072 846 4115 a
872 4050 1010 4113 medici
1036 4049 1125 4132 prins
1151 4068 1218 4109 non

199 4152 373 4229 decuisset,
400 4171 486 4214 nunc
503 4150 639 4212 maximo
656 4149 763 4227 decet,
788 4153 917 4235 quando
934 4151 994 4214 iste
1011 4151 1107 4213 audet
1123 4149 1219 4211 mole·

199 4253 341 4319 dicentioe
357 4274 422 4315 sue
440 4254 566 4314 aculeos
580 4251 614 4313 in
628 4271 688 4314 nos
703 4251 862 4336 deligere,
889 4270 996 4337 neque
1011 4250 1138 4315 veritur
1155 4262 1219 4324 est,

237 4497 270 4548 *θ
282 4503 323 4553 et,
342 4506 377 4539 ro
415 4481 461 4543 ’Ὅ
478 4486 590 4539 Etenim.
611 4490 648 4538 Sic
665 4490 734 4539 enin.
