2624 5108
159 838 202 914 78
394 833 435 907 In
460 833 641 909 Utrichum
664 838 911 941 Wirtenberg.

155 1027 227 1091 huie
262 1024 351 1091 etiam
378 1024 572 1091 moestissin'to
600 1026 680 1111 patri
712 1034 900 1115 sepulturam
928 1031 984 1097 tilii
1012 1033 1157 1117 negarit,

156 1150 222 1213 quo
243 1129 292 1191 ine
315 1127 411 1190 unico
430 1130 596 1193 adversum
614 1130 755 1195 maeroris
780 1132 829 1196 sni
847 1134 1061 1217 aegritudinem
1080 1134 1156 1198 teni·

155 1242 259 1294 inarato
286 1228 332 1291 uti
351 1240 491 1309 poterat,
520 1230 609 1312 quod
634 1231 761 1294 unicum
780 1230 849 1315 ejus
870 1234 994 1297 orbitati
1013 1234 1157 1300 solatiante

153 1343 325 1413 stqsererat.
380 1331 486 1410 otiare
518 1352 589 1395 cum
620 1331 769 1415 aequabile
806 1334 950 1397 omatibus
984 1332 1035 1417 jus
1065 1338 1158 1400 dabri

154 1442 313 1515 oporteat,
341 1430 414 1493 nihii
442 1432 612 1507 insuetum,
627 1432 717 1495 'nihii
744 1454 785 1494 ex
803 1434 1009 1516 prerogativa
1027 1434 1158 1501 decerni

152 1533 295 1615 petimus.
339 1530 377 1593 ln
401 1534 462 1593 hoe
492 1532 593 1596 omnis
627 1544 770 1597 versatur
800 1532 901 1609 actio;
936 1546 1059 1617 pereat,
1101 1535 1159 1623 qui

37 1659 40 1663 ·
151 1632 306 1714 perdidit,
320 1630 408 1712 jure,
422 1632 477 1715 qui
493 1630 618 1711 injuria
654 1633 726 1696 Hoc
739 1632 793 1695 abs
807 1645 855 1708 te,
876 1634 998 1702 Caesar!
1019 1656 1156 1715 ornans,

150 1734 211 1797 hoc
230 1753 248 1794 a
266 1733 376 1807 robis,
397 1732 561 1795 Germani!
580 1751 646 1794 non
665 1753 731 1813 qno
750 1732 868 1813 aliquid
886 1748 1083 1817 perspectum
1104 1736 1154 1812 sit,

150 1832 235 1896 nirde
254 1831 429 1895 dubitatum
454 1829 548 1912 hujus
574 1831 759 1913 supplicium
782 1834 943 1912 videatur,
974 1836 1032 1898 sed
1055 1835 1153 1919 magia

150 1954 191 1995 ne
210 1932 348 1995 defuisse
366 1942 480 1993 nostrae
499 1930 661 1994 videamur
678 1930 809 2013 itrjaariae.
848 1936 1057 2015 Multarum,
1084 1956 1154 2019 que

150 2042 258 2112 suapte
278 2043 388 2093 natissa
406 2052 464 2093 vos
483 2034 705 2107 cohortentur,
732 2033 882 2113 primum,
902 2035 991 2118 quod
1009 2042 1082 2097 non
1092 2032 1154 2097 nisi

149 2130 285 2194 maximo
315 2130 487 2193 Germaniae
520 2134 603 2193 malo
628 2132 693 2193 haec
719 2130 899 2214 improbitas
925 2132 1002 2195 ferri
1028 2142 1151 2215 potest,

149 2231 237 2317 qnod
256 2230 419 2311 optimam,
451 2252 487 2294 ac
512 2230 744 2315 integerrimam
768 2230 861 2314 hujus
886 2232 1020 2295 nationis
1046 2230 1155 2296 existi·

147 2331 334 2407 mationem,
352 2329 587 2415 religiosissime
601 2332 787 2395 custoditam
797 2334 829 2395 in
839 2334 901 2397 hoc
911 2354 1014 2417 nsque
1030 2345 1153 2417 tempus

146 2433 258 2529 tidem,
285 2429 464 2513 turpissimo
490 2431 540 2495 hic
559 2432 693 2512 probro,
726 2432 940 2497 crudelissimo
966 2434 1150 2516 parricidio,

146 2532 264 2596 nefaria
280 2534 459 2615 proditione
471 2534 590 2616 polluit.
629 2536 706 2615 011ae
720 2535 776 2598 sia
792 2535 884 2599 vobis
899 2534 1151 2619 negtigerentnr,

145 2633 235 2717 qnod
263 2634 351 2698 Deus
379 2636 530 2718 optimus,
564 2634 717 2699 maximus
742 2636 923 2715 prohibeat,
965 2655 1059 2718 qnam
1085 2654 1154 2696 non

144 2732 344 2797 foedissimam
361 2734 401 2797 de
420 2734 511 2797 vobis
532 2734 713 2816 opinionem
727 2734 798 2796 orbi
815 2746 969 2799 terrarum
984 2732 1153 2797 taceretis?

145 2834 245 2909 adeo,
285 2844 336 2908 nt,
368 2854 440 2895 cum
471 2853 537 2895 non
568 2834 670 2897 minus
698 2832 794 2897 totins
822 2834 996 2897 Gemnaniae
1026 2836 1066 2898 sit
1088 2836 1154 2897 bec

144 2950 254 3007 causa,
276 2954 370 3015 quam
388 2932 527 3009 sarnitiae,
548 2954 584 2996 ac
603 2934 720 2997 ordinis
739 2934 856 3011 nostri,
876 2937 965 3020 quod
984 2955 1151 2997 commune

145 3031 285 3095 omnium
302 3031 336 3094 in
354 3034 411 3097 hae
434 3034 607 3115 periculum
632 3044 792 3111 versetur,
818 3034 957 3097 tenerrimi
976 3054 1151 3107 consensu,

145 3152 182 3194 ae
200 3152 266 3197 uno
287 3134 427 3197 omnium
447 3134 552 3197 studio
562 3178 572 3209 ,
592 3144 624 3196 et
641 3133 791 3209 consitio,
810 3144 957 3217 tanquam
975 3134 1152 3197 universate

144 3236 304 3319 quoddam
331 3234 510 3298 incendium
544 3235 608 3296 haec
637 3234 732 3316 pestis
764 3233 994 3319 exstinguenda
1025 3234 1151 3307 vestiat,

143 3335 306 3419 magisque
345 3336 377 3396 in
412 3336 475 3397 hoc
513 3354 570 3396 reo
599 3332 723 3413 publica
757 3354 867 3408 cansa,
911 3355 1005 3416 qnam
1044 3344 1153 3395 noster
1189 3348 1193 3355 “

143 3436 262 3509 incuss,
302 3443 474 3521 posteaque
505 3432 660 3496 accusatio
693 3436 860 3516 spectanda
896 3434 946 3496 sit.
1007 3431 1074 3494 Nisi
1103 3444 1154 3508 te,

144 3532 250 3596 Cesar
269 3532 485 3597 invictissime!
511 3534 707 3597 crederesne
727 3546 790 3612 est,
821 3534 1035 3598 atssoluturum
1052 3530 1154 3609 hune,

141 3646 197 3699 ant
231 3635 336 3719 atiquo
377 3635 546 3697 clementia·
584 3645 644 3696 ture
679 3636 769 3698 radio
806 3646 1031 3699 contacturum.
1089 3634 1154 3695 Sed

142 3748 177 3801 et
201 3738 364 3820 quomodo
393 3737 432 3798 ad
466 3748 498 3798 te
532 3755 633 3816 nuper
672 3735 848 3816 acceperis,
884 3746 916 3797 et
949 3733 1153 3819 quemadmo-

142 3838 217 3900 dum
241 3846 412 3919 captantem
436 3837 561 3900 reniam
587 3835 757 3911 dimiseris,
787 3846 897 3898 notum
915 3846 972 3897 est.
1018 3832 1152 3896 Recenti

141 3939 244 4002 eaihuc
264 3941 382 4002 scetere
406 3949 438 4000 et
458 3940 600 3999 nondum
615 3935 687 3999 satis
712 3934 860 4015 prodito,
889 3934 1052 3999 ostendisti
1070 3931 1153 4015 judi·

141 4040 227 4105 cium
247 4052 344 4103 tuum.
387 4041 454 4100 Nos
478 4057 608 4119 quoque
634 4036 706 4111 tibi,
733 4036 970 4099 Maximiiiane!
1005 4045 1041 4097 nt
1061 4034 1153 4096 obse·

141 4140 337 4225 quentissimi
350 4140 382 4200 in
391 4137 486 4200 rebus
501 4157 625 4216 semper
636 4138 780 4199 onrrribus
794 4136 927 4212 fasianus,
950 4135 992 4197 ita
1002 4133 1065 4216 jam
1074 4135 1106 4210 ᾧ)
1121 4134 1153 4196 in

139 4242 202 4305 troc
213 4242 259 4316 ΜΗ)
277 4240 507 4303 Germanorum
523 4236 663 4301 omnium
681 4249 842 4303 conventu
856 4236 1011 4320 supptices
1031 4256 1150 4313 sumus,

175 4462 204 4533 *j
220 4483 257 4525 tta
275 4484 329 4530 iona
337 4513 347 4540 ,
366 4477 399 4528 ita
413 4494 483 4527 entre.
521 4468 568 4540 Ι““)
586 4480 649 4539 boc,
667 4477 720 4525 isto.
