2624 5108
661 491 671 514 Ι

486 802 524 877 in
550 766 702 875 Turcas.
1037 795 1107 875 tat

84 1002 264 1075 nationem,
285 1008 413 1081 gentem
432 992 633 1069 indomitam,
663 989 867 1056 invicibilem.
904 990 992 1053 Nolit
1010 985 1109 1073 igitur
1142 1054 1145 1063 ,

84 1120 253 1181 superesse
285 1120 367 1181 quos
397 1097 514 1160 timeat.
576 1094 663 1157 Nolit
695 1092 822 1166 vivere,
860 1110 878 1151 a
907 1091 1023 1173 quibus
1049 1088 1111 1154 sibi

84 1214 186 1264 metus
206 1200 256 1263 sit.
294 1200 381 1261 Nolit
408 1198 580 1280 perniciem
600 1192 723 1275 imperii
749 1193 799 1256 sui
818 1192 1010 1254 incolumem
1029 1210 1111 1255 csse.

86 1302 185 1362 Volet
205 1302 288 1362 lttrnc
309 1311 434 1361 erutum
459 1299 675 1379 periculorum
693 1313 824 1356 suorum
843 1292 976 1356 fontem.
1014 1292 1113 1354 Volet

86 1401 166 1463 banc
192 1399 377 1480 extirpatum
403 1399 610 1461 calamitatum
637 1416 765 1458 suarum
792 1394 942 1458 radicem.
988 1396 1032 1456 Et
1056 1391 1112 1456 ubi

87 1503 184 1563 semel
214 1502 325 1584 (quod
344 1502 432 1563 Deus
452 1499 590 1574 avertat)
618 1497 765 1559 occidere
792 1498 826 1559 in
845 1494 939 1559 nobis
964 1492 1112 1573 eoeperit,

87 1623 154 1665 non
169 1602 321 1677 cessabit,
343 1603 447 1664 donec
461 1620 595 1683 usquam
612 1607 759 1680 suppetet
773 1593 850 1658 cradi
862 1595 1000 1659 materia.
1038 1596 1115 1658 Non

88 1702 225 1785 patietur
257 1721 422 1765 remanere
454 1703 608 1764 malorum
642 1718 773 1762 suorum
804 1716 924 1761 semen.
979 1695 1116 1760 Auferet

90 1824 185 1867 omne
212 1802 333 1868 timoris
359 1801 411 1866 sui
436 1800 624 1864 lomentum.
669 1797 854 1866 Extinctum
872 1800 959 1860 volet
985 1818 1004 1859 a
1030 1816 1115 1881 quo,

90 1900 116 1966 si
136 1914 273 1977 maneat,
295 1913 413 1969 metum
431 1900 491 1963 sibi
512 1901 656 1963 futurum
675 1898 779 1964 sentit.
818 1899 1050 1979 Quamobrem,
1079 1906 1117 1961 ut

91 2004 178 2085 prius
205 2001 334 2076 moniti,
373 2020 440 2063 non
465 2001 511 2062 sio
541 2012 649 2081 putate
675 2001 762 2063 illum
786 1998 897 2062 venire
924 1999 965 2062 ad
993 2019 1053 2061 nos
1079 2006 1117 2061 ut

91 2104 244 2184 imperet,
262 2101 366 2178 venit,
387 2101 507 2164 venito
522 2101 707 2183 Principes,
727 2113 763 2163 ut
775 2101 913 2173 occidat,
928 2108 963 2159 ut
981 2095 1116 2177 jugulet,

92 2216 127 2266 ut
155 2203 340 2277 interficiat,
380 2214 416 2266 ut
449 2203 670 2279 excarnificat,
711 2212 747 2264 ut
776 2223 817 2264 ex
844 2210 955 2261 nostro
988 2196 1118 2259 interitu
1147 2213 1153 2228 ·

94 2306 290 2381 voluptatem
313 2302 430 2381 capiat,
468 2304 728 2386 quandoquidem
751 2323 793 2363 ex
818 2298 952 2362 victoria
977 2297 1118 2361 fructum

92 2423 158 2463 non
177 2412 292 2481 sperat.
332 2402 447 2476 Venit,
480 2414 517 2466 ut
541 2425 600 2468 nos
620 2402 809 2487 pessundet,
844 2411 966 2463 nostras
995 2414 1118 2462 uxores

94 2501 231 2564 ludibrio
251 2503 377 2577 habeat,
402 2515 530 2566 nostros
552 2504 670 2568 liberos
689 2504 873 2585 strangulet.
921 2500 1021 2564 Venit
1036 2499 1120 2579 prob

96 2601 238 2676 Christe,
268 2613 303 2663 ut
320 2613 424 2666 totum
441 2604 567 2684 penitus
584 2602 807 2668 Germanicum
829 2620 932 2683 genus
954 2595 1121 2681 extinguat

95 2724 131 2765 ac
151 2704 264 2765 deleat.
315 2705 387 2778 llle,
419 2703 603 2784 Principes,
634 2704 707 2779 ille,
736 2702 878 2791 quinon
898 2702 1022 2781 pueris,
1052 2718 1120 2767 nou

95 2802 240 2879 senibus,
273 2825 340 2865 non
359 2803 560 2879 mulieribus,
595 2803 653 2888 qui
678 2803 789 2886 parcit.
826 2805 942 2866 Natum
968 2812 1040 2864 ante
1062 2816 1121 2863 ora

95 2904 213 2985 patris,
242 2915 362 2983 patrem
382 2903 438 2988 qui
456 2905 623 2970 obtruncat
640 2906 681 2969 ad
700 2924 779 2969 aras.
819 2903 884 2986 Qui
902 2903 1025 2985 sepium
1042 2901 1121 2982 palis

49 3034 53 3043 ¹
94 3002 250 3065 inlautum
275 3025 411 3085 corpora
432 3003 558 3089 suffigit.
611 3006 675 3087 Qui
696 3027 715 3067 e
738 3005 966 3089 praegnantium
986 3017 1122 3069 matrum

95 3102 213 3177 uteris,
249 3105 393 3168 nondum
417 3114 519 3171 111101.
535 3105 677 3171 excindit
701 3106 807 3170 lactus.
862 3105 927 3188 Qui
951 3106 985 3168 in
1011 3122 1122 3171 omnes

97 3201 200 3265 omnis
227 3223 323 3263 sexus
353 3222 390 3263 ae
411 3200 535 3283 unffi-5
551 3205 733 3273 ,novissimo
759 3205 952 3270 crudelitatis
973 3207 1123 3286 exemplo

98 3315 267 3386 grassatur.
305 3303 358 3366 An
382 3298 477 3369 voltis
493 3302 629 3382 ¹exeitlit,
658 3308 759 3391 qualis
782 3307 834 3371 illa
851 3306 949 3369 luerit
965 3305 1124 3369 Constan·
1172 3332 1175 3336 ·

10 3428 11 3432 ¹
96 3403 305 3484 tinopolitana
328 3402 458 3469 clades?
489 3404 603 3471 udesra
632 3408 820 3490 captivitas?
851 3410 1033 3473 luctuosum
1055 3405 1124 3469 exi·

31 3546 37 3558 ,
97 3502 201 3567 tium?
235 3506 278 3566 Et
303 3525 369 3566 non
394 3506 495 3568 adhuc
511 3508 723 3572 recordamini
741 3511 909 3573 multarum
933 3508 967 3570 in
991 3511 1124 3587 Europa

98 3602 275 3679 eivitanrm,
318 3626 396 3688 quas
424 3605 536 3687 partim
569 3620 692 3682 nostra,
728 3609 840 3690 partim
869 3610 972 3671 adhuc
999 3618 1124 3687 patrum

98 3715 282 3768 nostrorum
302 3705 454 3770 memoria
474 3706 642 3768 debellavit
666 3706 792 3770 bostis?
829 3709 879 3770 Ne
900 3728 980 3769 vero
1007 3728 1049 3770 ex
1074 3705 1125 3768 illa

99 3804 270 3867 Sulthanici
296 3805 370 3868 belli
393 3806 476 3869 lama
501 3804 620 3889 aliquid
644 3817 751 3885 putate
772 3808 890 3869 lictum.
927 3806 1028 3870 Nimis
1048 3824 1131 3878 vera

99 3916 174 3969 sunt
198 3906 313 3971 omnia.
351 3907 501 3987 Quaedam
519 3905 615 3973 etiam
638 3905 783 3982 veriora,
819 3927 914 3990 quam
932 3906 967 3968 in
985 3914 1127 3969 nostram

99 4004 182 4067 cadit
209 4006 313 4070 fidem.
352 4007 523 4083 Nimirum,
558 4005 614 4089 qui
640 4007 730 4091 quod
753 4004 892 4068 dubitari
910 4025 977 4067 non
1001 4014 1126 4084 potest,

64 4174 67 4180 ,
101 4125 196 4186 quarn
217 4105 257 4166 sit
278 4107 480 4185 pudendum,
515 4107 637 4170 Turcas
663 4118 725 4171 tam
751 4106 807 4169 diu
830 4117 882 4168 tot·
897 4126 957 4168 nos
984 4104 1125 4169 cladibus

100 4207 285 4280 afficientes,
306 4227 372 4268 non
391 4207 556 4285 novimus,
580 4207 697 4271 nedum
716 4229 788 4293 quae
812 4217 925 4290 gerant
942 4204 1126 4290 magnifaci-

101 4322 181 4369 mus.
219 4306 344 4388 Quibus
370 4309 446 4372 dum
470 4308 520 4370 hic
545 4307 697 4384 otiamur,
729 4306 835 4370 omnia
855 4305 938 4370 soris
964 4307 1126 4391 incognita

101 4415 184 4467 sunt.
236 4406 300 4486 Qui
326 4407 402 4473 dum
424 4428 551 4475 omnem
574 4408 661 4475 domi
687 4417 807 4475 atatem
833 4409 972 4490 agimus,
1003 4409 1125 4496 abique
