2624 5108
516 842 644 919 Oratio
668 844 799 919 Prima.
1113 862 1157 934 91

142 1038 285 1101 nondum
322 1036 381 1099 tibi
421 1036 489 1100 talis
523 1037 661 1114 fuerim,
702 1039 801 1122 qualis
837 1061 927 1118 esse,
971 1043 1160 1108 laborabam.

62 1210 63 1215 η
143 1138 217 1201 Tibi
242 1136 329 1199 enim
356 1138 467 1201 vivere
490 1137 613 1201 animus
641 1150 724 1215 erat,
754 1161 814 1220 pro
837 1152 933 1225 teque
951 1146 1041 1207 mori.
1081 1148 1161 1211 Vale

140 1249 176 1301 tu
192 1256 371 1304 entmuoce
386 1247 494 1318 peter,
514 1237 691 1303 miserande
707 1261 821 1318 senex,
842 1243 893 1305 cui
910 1265 971 1327 ego
990 1257 1081 1307 tanta
1095 1249 1162 1329 spei

140 1339 228 1402 lilius
247 1337 453 1401 ineluetabilis
474 1337 545 1401 mali
564 1359 658 1403 causa
679 1361 748 1404 esse
763 1344 876 1407 merui.
915 1347 1058 1425 Quantos
1080 1348 1163 1412 enim

145 1437 207 1501 tibi
221 1458 391 1515 moerores,
414 1449 566 1521 quantum
582 1440 745 1517 dolorem,
765 1464 847 1526 quos
868 1443 1001 1527 gemitus
1023 1446 1163 1530 reliqui?

145 1560 219 1622 quse
232 1535 392 1619 mmpiria?
429 1538 460 1601 0
476 1538 716 1604 ldlacem'tuam
735 1544 776 1606 de
795 1565 845 1606 me
864 1549 972 1624 spem!
987 1545 1033 1610 ,Ο
1051 1546 1160 1613 inanes

104 1687 107 1690 -
151 1639 385 1725 cogitationes!
414 1639 445 1702 0
467 1638 554 1704 irrita
569 1640 743 1729 desideria!
782 1644 886 1725 Egon'
909 1657 1052 1727 speratus
1080 1664 1166 1710 cram

143 1754 205 1807 me
228 1741 363 1805 desecte
385 1741 539 1805 semctuti
561 1740 732 1805 solatium?
768 1742 807 1805 ln
828 1764 934 1809 meum
958 1746 1059 1810 robur
1082 1758 1166 1812 tuam

142 1843 282 1908 seruilem·
297 1841 510 1907 infirmitatem
534 1841 736 1907 inclinaturus
765 1844 861 1908 eras?
899 1846 1012 1909 Valete
1034 1844 1166 1927 jucundi

143 1944 279 2019 iratres,
305 1943 390 2007 dirici
403 1942 558 2006 'conuictu
582 1942 706 2006 orbati!
745 1942 816 2006 Vos
837 1946 939 2009 valete
959 1946 1092 2023 Franci,
1120 1948 1167 2010 in-

145 2045 268 2109 victum
295 2043 469 2109 Germaniae
494 2043 613 2107 robur!
647 2044 733 2108 ,Vale
756 2044 871 2110 nobilis
901 2047 1044 2131 equitum
1059 2048 1168 2123 Jordo,

144 2143 238 2227 cujtts
252 2156 317 2207 tam
335 2143 467 2227 insignis
487 2164 529 2205 ex
547 2163 598 2205 me
618 2145 784 2224 despectus
800 2159 848 2208 est
863 2146 1022 2230 quaesitus.
1054 2149 1168 2209 Valete

150 2245 272 2319 omnia,
288 2266 369 2329 'que
390 2244 512 2329 ultique
531 2245 620 2322 estis,
648 2245 763 2329 quibus
779 2245 966 2309 innocentiae
985 2265 1063 2309 meae
1085 2246 1169 2307 testi·

152 2345 297 2410 monium
312 2345 453 2431 reliqui.¹‘
473 2383 512 2399 -

191 2474 214 2515 r.
229 2446 305 2509 ttae
328 2447 513 2530 loquentem
545 2445 631 2510 illum
666 2446 797 2527 fingite,
836 2452 994 2530 quamque
1025 2449 1172 2530 loquatur

154 2548 223 2627 ipse
241 2558 338 2611 certe.
374 2545 501 2609 Deinde
520 2545 598 2630 quid
618 2564 678 2607 uos
702 2556 837 2608 statuere
857 2567 982 2628 reqrntm
1001 2547 1056 2622 sit,
1084 2545 1173 2630 cogi-

152 2650 233 2712 tale!
272 2649 362 2713 Reus
382 2659 551 2724 tractatur,
577 2646 611 2709 in
631 2644 723 2727 eujus
746 2646 957 2710 incolumitate
979 2646 1081 2711 omnis
1101 2668 1174 2728 per-

152 2747 271 2825 nicies,
292 2748 489 2813 damnatione
512 2766 583 2811 cum
604 2766 726 2812 summo
744 2759 852 2811 vestro
872 2747 1040 2810 commodo
1055 2768 1175 2811 summa

155 2848 317 2926 honestas,
351 2860 384 2911 et
401 2850 516 2932 legum
540 2860 650 2913 natura
677 2847 848 2931 conjuncta
873 2859 930 2912 est.
978 2848 1065 2929 Quid
1092 2848 1176 2912 enim

151 2971 221 3017 non
248 2950 445 3018 horrendum
473 2948 601 3015 crudele
628 2959 659 3010 et
687 2961 779 3013 atrox
803 2950 844 3013 da
873 2970 914 3013 eo
939 2949 1175 3035 suspicandum,

155 3051 215 3135 qui
241 3050 300 3115 ista
326 3050 492 3115 commisit.
539 3050 606 3113 Aut
629 3039 709 3132 quid
735 3070 801 3112 non
828 3049 973 3125 audebit,
1006 3050 1085 3133 qriid
1111 3070 1176 3112 nou

156 3151 253 3217 taeter
267 3152 309 3230 is,
328 3151 357 3216 si
370 3154 433 3217 boc
446 3152 576 3234 impune
591 3148 720 3215 tulerit?
745 3149 832 3230 Quid
847 3161 952 3212 etitem
967 3149 1177 3224 commodius,

159 3272 198 3316 ac
208 3252 317 3317 utilius
327 3253 384 3316 toti
393 3250 586 3327 Germaniae,
605 3270 700 3334 quam
713 3249 899 3331 utlprimum
913 3249 980 3312 bue
995 3258 1177 3309 amoveatur

155 3352 287 3437 publica
312 3353 425 3437 pestis,
458 3353 521 3416 boe
540 3350 749 3433 extinguatur
775 3369 942 3421 commune
971 3345 1178 3411 incendium?

155 3455 284 3521 Deinde
307 3452 386 3538 quid
408 3451 589 3527 honestius,
617 3472 711 3537 quam
738 3448 899 3514 orantibus
919 3448 1012 3513 nobis
1033 3445 1178 3523 concedi,

158 3566 195 3617 ut
210 3553 261 3637 jus
274 3565 418 3619 nostrum
440 3550 658 3617 obtineamus?
685 3549 855 3613 Amisimus
875 3548 1041 3626 juvenem,
1061 3548 1096 3611 in
1112 3569 1178 3633 quo

163 3674 236 3721 cum
258 3656 374 3725 eximia
394 3654 539 3741 corporis
564 3649 794 3734 pulchritudine
816 3650 1066 3731 prestantissima
1085 3649 1180 3715 animi

161 3756 263 3821 vinus
273 3758 445 3841 conjuncta
458 3755 529 3821 suit.
551 3757 636 3819 Eum
646 3751 705 3815 iste
716 3749 932 3826 innocentem,
946 3751 1064 3814 indicta
1077 3770 1180 3823 causa,

159 3861 245 3925 nulla
275 3859 493 3925 intercedente
523 3858 664 3929 offensa,
704 3849 858 3935 querum
887 3850 974 3912 omni
1005 3851 1180 3915 officiorum

161 3981 284 4045 genere
304 3958 625 4045 obsequentissimum
646 3953 813 4028 babuerat,
839 3947 968 4029 acutus
990 3961 1096 4028 patre,
1121 3960 1180 4023 tot,

162 4072 313 4147 tantaque
335 4059 491 4131 beneficia
513 4067 674 4138 aceperat,
701 4064 795 4129 tunc,
824 4072 896 4115 curu
921 4048 981 4112 sibi
1005 4049 1182 4124 inserviret,

162 4162 397 4239 crudelissime,
406 4159 615 4234 atrocissime,
624 4153 858 4229 immanissime,
871 4150 1006 4233 primum
1018 4147 1185 4224 interemit,

163 4264 287 4329 deinde
299 4274 457 4337 mortuum
472 4280 603 4349 quoque
616 4255 781 4333 laceravit,
798 4276 835 4319 ac
848 4252 1021 4335 suspendio
1034 4249 1185 4313 infamare

166 4377 300 4431 conatus
321 4378 377 4431 est.
414 4364 583 4426 Postremo
608 4358 788 4442 petentibus
813 4359 852 4420 ad
877 4357 1069 4437 sepulturam
1093 4350 1185 4415 nobis

167 4466 212 4531 sic
238 4467 378 4553 confecti
408 4484 524 4551 corpus
550 4460 688 4546 negavit.
732 4459 771 4522 ln
795 4460 852 4521 bac
881 4467 964 4520 tanta
989 4453 1185 4537 indignitate,
