2624 5108
494 558 537 601 ss),-

147 1379 366 1453 Ulriehus
395 1378 448 1450 de
472 1377 653 1449 Hutten
678 1377 862 1452 Jacobo
888 1379 1059 1471 Fuchs,

258 1517 472 1580 Ecclesiarum
491 1513 717 1596 Bamhergens.
737 1522 768 1574 et
787 1512 954 1597 Herbipol.

377 1631 539 1696 Canonieo
559 1629 672 1692 Amico
693 1631 841 1695 Salutem.

511 1827 678 1842 m

91 1967 236 2082 Aliquid
254 1997 303 2060 iis
320 1995 400 2059 nori
421 1995 462 2058 ad
479 2005 510 2056 te
530 1990 678 2068 scribam,
711 1999 830 2058 Jacobe
850 1994 1050 2073 suavissime,
1075 2018 1117 2060 ex

88 2112 200 2163 nostra
215 2097 402 2173 Germania,
422 2096 559 2159 ubitam
577 2094 694 2157 invitus
711 2115 773 2173 ego
792 2117 861 2159 sum
879 2099 941 2159 hoe
960 2088 1116 2180 tempore,

92 2223 185 2286 quarn
203 2214 239 2263 tu
260 2201 294 2263 in
313 2199 401 2260 ltalia
413 2197 575 2261 literarum
596 2194 696 2277 patria
707 2195 818 2259 libens.
858 2199 938 2261 Nam
952 2198 1020 2261 istie
1033 2220 1118 2259 nune

95 2323 164 2365 esse
191 2301 344 2382 oportuit.
391 2300 454 2361 Sed
483 2299 560 2382 quid
585 2297 736 2373 scribam,
769 2299 830 2360 nisi
858 2301 937 2375 hoc,
973 2299 1062 2382 quod
1088 2309 1120 2360 et

93 2401 244 2464 scribenti
273 2401 348 2463 mihi
379 2398 614 2461 acerbissimum
643 2407 707 2471 est,
749 2410 780 2458 et
810 2401 967 2480 legentem
996 2412 1028 2459 tc
1057 2399 1120 2460 moi

93 2503 201 2565 studio
221 2501 343 2566 tristitia
362 2504 487 2564 arltieiet
505 2523 570 2563 non
591 2498 725 2559 modica.
764 2499 813 2560 De
833 2498 960 2559 interitu
981 2499 1120 2562 duorum

92 2604 279 2680 amicorum,
314 2625 379 2667 uno
402 2603 493 2665 simul
513 2600 691 2680 eodemque
712 2596 764 2658 die
785 2599 907 2659 allatum
928 2600 967 2660 ad
988 2622 1039 2662 me
1060 2613 1119 2677 est,

91 2705 252 2784 proxime,
273 2726 346 2770 eurn
365 2707 398 2768 in
414 2701 560 2768 Thermis
575 2697 793 2762 Emisensibus
810 2699 999 2762 valetudinis
1020 2703 1121 2786 gratia

93 2825 240 2887 agerem,
267 2809 405 2876 Itelvolfi
428 2809 465 2861 de
488 2807 630 2878 Lepide,
653 2799 739 2862 docti
759 2799 902 2884 Equitis,
931 2810 962 2861 et
984 2808 1120 2864 Ioannis
1206 2822 1209 2831 ·

95 2905 134 2960 ab
152 2910 180 2972 ·)
202 2910 339 2978 Hntten,
372 2899 423 2961 eui
445 2909 645 2965 chdovielnrs
671 2913 760 2981 pater
785 2913 843 2962 est.
868 2901 960 2964 Illum
986 2900 1119 2984 iniquis·

92 2997 174 3060 simo
194 3011 355 3080 tempore,
383 3012 415 3060 et
437 3022 502 3084 quo
521 2999 656 3063 maxime
676 3001 751 3063 mihi
771 3023 805 3062 ae
824 3002 936 3065 litteris
956 3001 1119 3065 studiosis-

17 3105 23 3112 '
93 3119 160 3181 que
180 3100 324 3164 omnibus
344 3102 499 3184 prodesse
518 3112 658 3181 poterat,
686 3102 849 3164 immatura
867 3123 954 3165 mors
975 3103 1119 3167 emedio

89 3201 233 3277 sustulit3
264 3205 349 3265 hune
377 3201 517 3265 immanis
546 3202 724 3264 Suevorum
745 3203 934 3281 Tyrannus,
967 3205 1121 3284 optimum

91 3298 261 3379 juvenem,
297 3303 493 3384 precipuum
512 3303 614 3386 gentis
633 3314 747 3365 nostrae
772 3303 888 3378 decus,
924 3303 957 3364 ri
977 3323 1012 3363 ae
1030 3303 1119 3366 ferro

90 3402 262 3466 interemit.
303 3405 424 3468 Praeter
441 3405 536 3467 fidem
543 3403 670 3468 hoctibi
685 3404 757 3465 fore
777 3402 842 3465 scio
857 3403 923 3481 aa),
944 3425 1016 3467 eum
1032 3404 1119 3465 noris

90 3527 185 3588 quam
222 3517 332 3587 gratus
362 3505 422 3581 itti,
459 3527 552 3589 quam
579 3504 710 3567 dilectus
737 3504 836 3568 suerit
858 3506 936 3582 iii).
974 3507 1016 3567 Et
1045 3504 1120 3569 mihi

92 3617 161 3665 erat
174 3606 260 3684 aaa-s)
281 3613 412 3672 Jacobe·
452 3606 513 3668 Sed
527 3617 630 3667 tamen
646 3605 688 3667 ita
700 3605 803 3669 habet.
826 3607 1029 3671 Dissimulate
1042 3607 1120 3692 quid

92 3707 209 3783 vellet,
248 3707 281 3770 in
312 3706 470 3790 quandam
506 3707 625 3785 sylvam
657 3705 808 3780 abduxit,
848 3706 958 3791 ibique
988 3709 1119 3771 remotis

91 3807 238 3884 arbitris,
278 3808 460 3883 incautum,
502 3807 674 3883 inermem,
715 3805 792 3867 nihil
822 3808 883 3869 tale
916 3809 1119 3891 suspicatum,

90 3921 215 3988 septem
231 3909 419 3971 vulneribus
435 3908 573 3970 laetaliter
592 3904 750 3980 confodit,
773 3903 888 3968 deinde
907 3909 1123 3990 exspirantem

88 4030 180 4072 nexo
201 4011 283 4072 eollo
308 4009 483 4090 suspendit.
522 4010 597 4090 Quo
624 4027 683 4069 nos
711 4004 834 4067 saevitiae
859 4027 922 4068 suae
952 4011 1121 4072 corollario

90 4109 304 4174 ‹lehonestare
321 4119 525 4172 conatus'est.
560 4108 647 4189 Quid
664 4107 784 4192 inquis,
805 4117 926 4170 tantum
943 4110 1121 4173 commisit?

92 4210 185 4290 Quid
200 4222 322 4274 tannim
342 4209 537 4273 committere
557 4207 681 4291 potuit,
707 4206 785 4290 ajo?
821 4211 895 4271 Non
914 4208 982 4290 ipse
1002 4211 1124 4294 aliquid

91 4311 283 4376 interfector
314 4311 430 4388 studit,
469 4331 529 4377 nee
557 4332 704 4375 accusare
733 4332 874 4396 unquam
906 4311 1031 4376 auditus
1064 4324 1123 4376 est.

91 4434 290 4451 Μ

129 4503 158 4557 ')
175 4505 215 4556 ab.
231 4505 270 4554 de,
304 4505 424 4560 “More
441 4509 502 4556 reto.
537 4510 594 4563 Μ)
610 4510 741 4557 otiabitur.
778 4508 850 4560 ΜΗΜ’)
866 4512 930 4552 ens.
948 4496 1080 4552 videbatur.
