2624 5108
195 837 266 911 §ld
570 829 827 910 Exhortatorin

193 1022 364 1099 custumis
383 1022 444 1089 iste
463 1030 723 1088 Maximinum
741 1021 856 1086 caesar.
894 1024 1000 1103 Quen
1024 1018 1100 1108 quia
1122 1023 1215 1087 nsua

195 1123 342 1204 Optimus
361 1125 521 1189 Maximus
548 1123 588 1185 ad
617 1124 678 1185 hoe
706 1122 815 1185 evexit
841 1121 1027 1205 fastigium,
1064 1132 1096 1183 et
1119 1122 1221 1189 vobis.

193 1234 332 1289 mentem
356 1223 486 1300 indidit,
517 1233 554 1285 ut
572 1222 605 1284 id
628 1220 706 1284 boni
727 1223 954 1300 consuleretis,
990 1222 1220 1306 suffragiisque

194 1323 308 1387 vestris
334 1321 535 1387 concorditer
560 1323 781 1403 imperatorem
799 1323 892 1387 vobis
910 1322 1090 1407 delegistis,
1117 1335 1213 1406 utque

192 1422 245 1491 ille
264 1422 307 1485 ita
325 1424 474 1486 hactenus
493 1421 627 1504 imperio
646 1422 785 1502 praefuit,
818 1434 854 1485 ut
873 1419 944 1504 ejus
971 1421 1077 1485 onmia
1099 1443 1215 1506 magna

192 1543 230 1585 ae
248 1524 341 1602 plane
360 1522 507 1598 heroica,
526 1534 558 1585 et
574 1521 723 1605 generosi
736 1522 832 1585 animi
848 1520 982 1598 indicia,
1004 1522 1214 1602 imperatorias

192 1622 403 1705 amplitudinis
423 1633 624 1705 argumenta,
650 1633 815 1703 perspecta
833 1622 906 1685 sint.
945 1625 1062 1704 Qnaesn
1080 1623 1215 1702 impera·

191 1733 296 1787 torem
315 1721 497 1806 agnoscite,
530 1721 608 1785 etsi
628 1721 896 1805 quidhnctenus,
926 1742 993 1784 non
1020 1743 1081 1803 pro
1108 1723 1214 1787 officio

189 1822 343 1906 contigit,
369 1843 406 1884 ac
423 1843 483 1883 vos
502 1821 697 1885 intellexistis
717 1818 936 1905 cujuscunque
962 1820 996 1885 id
1020 1823 1112 1901 culpe
1136 1843 1214 1885 eon·

193 1922 318 2005 tigerit,
345 1943 419 1983 cre
439 1933 544 1985 vestra
561 1941 627 1983 non
645 1919 762 1997 luisse,
783 1921 946 1985 emendate
966 1940 1125 1997 errorem,
1155 1944 1213 1987 ex·

192 2021 276 2105 piato
294 2023 427 2102 culpam.
467 2021 552 2085 Nihil
571 2020 639 2085 sine
658 2022 741 2083 duce
761 2021 900 2103 geritur,
929 2023 1049 2085 nullum
1067 2021 1135 2085 sine
1154 2022 1215 2091 im·

192 2133 340 2203 peratore
366 2121 492 2196 bellum.
536 2123 586 2185 Ae
602 2142 725 2204 ,magno
750 2132 890 2205 emptum
913 2110 974 2209 sibi
998 2122 1073 2185 velit
1094 2122 1212 2197 Tucca,

188 2208 230 2287 'ut
244 2243 304 2284 vos
318 2222 387 2285 sine
404 2222 485 2285 duce
499 2242 568 2285 rem
582 2232 697 2284 tantam
710 2221 957 2304 aggrediarmni,
976 2232 1012 2285 ut
1023 2221 1092 2299 sine
1108 2221 1214 2302 capite

191 2323 332 2389 membra
348 2333 556 2397 mercantum
588 2320 657 2385 sine
677 2320 788 2403 auriga
805 2341 941 2399 currus,
967 2320 1035 2387 sine
1054 2320 1215 2403 guberne·

192 2422 265 2487 'tore
283 2422 372 2486 navis
388 2435 452 2505 ¹eat.
495 2422 620 2487 Scilicet
638 2432 673 2484 ut
692 2442 751 2483 vos
770 2431 897 2484 rectore
916 2440 1034 2485 vacuos
1057 2420 1216 2502 opprimat

192 2521 352 2606 singulos,
389 2543 472 2608 quos
498 2542 566 2585 non
589 2519 692 2603 potuit
720 2519 897 2583 universus.
943 2520 1051 2583 Nostis
1075 2521 1153 2583 illud
1179 2520 1215 2584 in

191 2623 364 2689 evellendis
384 2621 507 2706 equinas
525 2622 631 2685 cauda
650 2619 720 2704 pilis
739 2621 873 2685 Sertorii
893 2621 1029 2685 Romani
1047 2622 1215 2688 eonsilium

193 2722 272 2809 quid
289 2723 376 2785 velit.
412 2721 460 2784 lta
474 2733 523 2785 est
542 2721 635 2785 enim.
658 2721 692 2784 si
711 2741 769 2783 vos
785 2723 963 2786 concordes
975 2721 1079 2797 eritis,
1098 2743 1134 2783 ac
1151 2721 1216 2784 sub

191 2825 291 2910 duee,
307 2821 396 2886 eritis
406 2821 467 2886 nisi
481 2823 549 2905 ipse
558 2820 770 2885 anobisDeus
780 2821 822 2899 l)‚
836 2820 1088 2898 camisianum,
1102 2822 1215 2886 oculos

192 2936 226 2988 et
237 2926 287 2999 se)
308 2945 365 2986 eor
382 2933 524 2998 avertet,
542 2921 618 2985 nihil
632 2942 692 3003 pro
706 2943 763 2983 sua
775 2941 831 3001 spe
849 2919 983 2983 efficient
992 2922 1128 2997 Turum,
1144 2920 1213 3007 qui,

193 3035 304 3105 eontra
321 3024 349 3085 si
367 3021 527 3107 dispersos
545 3032 578 3083 et
595 3020 665 3085 sine
682 3012 890 3101 inperatore,
916 3032 970 3083 aut
988 3040 1062 3083 cum
1080 3022 1214 3102 impera-

191 3134 263 3189 tore
282 3122 431 3207 quidem,
452 3122 510 3186 sed
529 3121 581 3186 eui
599 3141 666 3184 nou
683 3131 814 3201 pareant
833 3139 942 3183 onmes
950 3112 966 3195 ,’
980 3132 1013 3181 et
1031 3119 1130 3202 cujus.
1142 3121 1215 3186 vilis

192 3225 277 3309 apud
302 3245 378 3287 suns
396 3235 437 3287 sit
453 3220 699 3298 autoritassttt)
719 3240 778 3282 uos
800 3218 1009 3295 offenderint,
1037 3231 1140 3283 actum
1156 3232 1218 3286 est.

191 3325 360 3393 Periimus.
397 3326 473 3385 Nou
497 3343 627 3404 possum
652 3319 737 3384 enim
762 3331 966 3383 contemnere
985 3341 1075 3398 eum,
1104 3343 1126 3384 a
1145 3344 1216 3406 quo

187 3423 286 3487 etiam
304 3423 361 3505 qui
379 3423 544 3496 timebant,
563 3419 701 3502 superati
715 3431 801 3482 sunt.
830 3425 875 3488 Et
892 3423 974 3486 sieut
988 3424 1029 3485 etl
1040 3421 1213 3489 Asiaticam

190 3522 371 3597 mollitiem,
390 3541 592 3604 nequaquam
609 3530 738 3583 nostros
757 3543 906 3603 comparo
924 3525 1085 3599 homines,
1105 3543 1216 3608 nequo

191 3643 264 3685 cum
282 3621 333 3687 illa
350 3620 468 3685 imbelli
483 3621 635 3683 Sulcitani
652 3620 761 3685 militia
778 3623 954 3691 Germanos
971 3624 1105 3690 consero
1121 3645 1217 3687 exer·

190 3721 292 3798 citus;
311 3722 354 3785 ita
371 3743 438 3785 non
458 3742 589 3835 possum
603 3721 767 3805 despicere
790 3746 883 3801 eum,
904 3724 960 3809 qni
979 3727 1215 3809 quatesnmquo

188 3825 253 3891 sint
271 3844 354 3909 quos
374 3822 469 3900 vicit,
501 3822 636 3887 maxima
660 3834 746 3887 certe
771 3843 807 3884 ac
834 3826 1069 3905 opulentissima
1087 3823 1213 3906 subegit

190 3947 309 4021 regna,
335 3934 367 3986 et
385 3922 544 4005 indefesse
568 3925 674 3987 ornnia
691 3925 793 4008 agit,
804 3946 911 4010 neque
930 3938 1047 4004 cessat,
1073 3921 1215 3991 ferendis

190 4014 351 4091 laboribus
365 4024 503 4108 patiens,
520 4025 676 4091 obeundis
690 4025 829 4107 negotiis
842 4039 984 4108 promtus
999 4040 1031 4091 et
1043 4026 1215 4092 exereitus.

192 4125 258 4209 Qui
287 4125 351 4204 jam
377 4123 515 4191 assuevit
540 4124 689 4202 vincere,
726 4148 824 4211 ‚quem
849 4138 882 4190 et
905 4128 1013 4210 gloria
1035 4127 1156 4192 stimuli
1182 4137 1217 4192 et

193 4269 387 4291 —11-—10

228 4369 260 4443 ⁸)
281 4383 333 4438 lpse
350 4405 384 4417 -
401 4383 485 4426 neus:
512 4390 594 4426 omnes
611 4402 645 4415 -
661 4380 707 4430 Dii.
744 4373 793 4444 *ἢ
810 4390 854 4430 et:
877 4395 914 4433 ar.
948 4373 1012 4444 m)
1030 4382 1053 4429 sl
1069 4384 1135 4430 entes
1151 4375 1217 4432 nach

185 4498 192 4513 .
227 4470 356 4515 ourorltsr
372 4463 590 4523 durobrettrlelten.
694 4464 697 4469 ’
