2624 5108
555 799 656 874 Exul.
1031 800 1103 874 allss

90 1009 196 1051 amore
216 987 305 1063 lieri,
339 989 531 1052 interdicunt
557 991 602 1052 eis
626 989 788 1055 facultates
814 1010 941 1068 omnes,
976 992 1106 1055 etiama

89 1088 371 1170 jure¹ouucessas.
409 1089 665 1173 interdicuntque
695 1102 758 1154 tam
795 1091 966 1172 simplices,
1012 1114 1107 1176 quarn

91 1188 232 1250 omnium
251 1191 486 1271 simplicissimi,
523 1190 598 1252 nihil
623 1203 736 1269 preter
755 1191 935 1268 Christum,
968 1205 1000 1254 et
1023 1195 1107 1255 hune

91 1289 276 1350 crucifixum
297 1291 546 1369 praetendentes„
568 1289 643 1353 nihil
662 1303 774 1374 prater
792 1294 896 1355 Deum
916 1292 949 1354 iu
970 1313 1046 1367 ore,
1074 1291 1107 1353 in

91 1391 188 1450 corde
220 1412 298 1453 vero
329 1390 403 1453 nihil
433 1391 494 1454 nisi
520 1392 730 1454 Barbarorum
754 1401 918 1474 argentum
939 1403 1107 1475 gestantes.

91 1491 134 1552 Et
152 1491 213 1553 nisi
233 1493 310 1551 luae·
322 1493 389 1552 sole
408 1491 541 1554 clariora
567 1491 624 1554 tibi
649 1503 774 1567 essent,
807 1495 936 1572 (utputa
956 1492 1106 1576 quoniam

90 1604 122 1656 et
141 1613 197 1653 eos
225 1591 280 1675 qui
306 1591 393 1655 missi
418 1604 489 1655 surrt
516 1594 548 1656 in
575 1603 657 1662 cute,
673 1592 823 1667 noveris)
854 1593 980 1670 lougius
1001 1605 1106 1655 tecum

90 1713 228 1775 agerem.
278 1694 320 1753 Et
350 1714 421 1755 cum
448 1692 580 1775 hujusce
610 1694 672 1756 siut
694 1692 852 1766 homines,
886 1692 971 1755 bone
1001 1694 1108 1768 Deus,

91 1805 207 1876 quanta
226 1813 360 1873 pompa,
388 1805 506 1875 quanto
526 1805 674 1873 apparatu
694 1793 805 1855 urbem
824 1794 950 1867 exiere,
975 1805 1110 1876 quanto·

92 1916 156 1976 que
180 1894 263 1955 lastu
299 1894 414 1972 patrias
450 1893 645 1972 pontificias,
686 1892 824 1975 aliasque
850 1891 910 1954 sibi
941 1893 1108 1955 destinatas

90 1993 268 2055 transiere?
300 1992 417 2057 Nescio
436 1991 464 2057 si
483 1993 698 2057 Diocletianus
719 1991 872 2078 quispiam
890 2003 977 2056 tanto
999 2015 1110 2076 super·

91 2093 231 2157 bivisset.
324 2176 327 2180 ¹
723 2174 727 2181 ι

234 2183 237 2186 .
530 2203 667 2275 Cyrus

167 2292 326 2357 Rumores
359 2293 452 2376 plane
481 2305 554 2356 sunt
589 2313 647 2376 per
679 2295 863 2357 universum
897 2287 1109 2354 Christianum

92 2394 263 2475 populum,
286 2395 407 2456 'l'urcas
438 2395 564 2470 adesse,
606 2394 747 2476 nihilque
785 2391 915 2453 subesse
946 2388 1107 2473 figmenti;

93 2491 157 2557 imo
176 2493 324 2557 Pontifici
342 2494 479 2558 maximo
500 2493 759 2575 sanctissimoque
778 2489 875 2574 patri,
901 2509 939 2553 ae
956 2487 1109 2569 universo

92 2593 188 2655 couri
205 2592 419 2656 cardinalium
437 2614 510 2656 euru
529 2613 598 2679 esse
617 2591 771 2664 animum,
801 2601 836 2652 ut
854 2591 888 2652 in
908 2592 1030 2653 'l'urcas
1053 2609 1110 2649 ex·

93 2694 231 2775 poditio,
270 2706 301 2756 et
328 2694 456 2778 quidem
482 2688 685 2768 validissima,
718 2689 826 2772 paucis
853 2689 971 2754 abhinc
997 2687 1109 2753 diebus

93 2795 162 2868 fiat,
182 2807 276 2878 atque
297 2795 458 2858 habeatur.
496 2793 548 2858 Ob
566 2792 684 2877 idque,
710 2790 869 2874 Pasquille
889 2790 1024 2871 optimo,
1044 2809 1110 2850 uon

70 2884 243 2955 *uidentur
272 2896 354 2956 adeo
389 2893 553 2979 pontilicis
581 2915 617 2956 ac
653 2886 869 2954 Cardinalium
904 2888 1111 2972 improbanda

95 2992 239 3066 consilia,
260 2995 375 3076 quibus
395 2995 550 3087 Miletum
568 2992 659 3057 nervi
689 2990 858 3074 (pecunias
884 2988 978 3067 dico)
997 3010 1110 3075 aggre-

92 3109 170 3171 gare
190 3103 317 3173 queant.

158 3180 162 3187 Ι
346 3186 349 3191 ’
471 3202 730 3281 Pasquillus.

170 3287 205 3352 Si
232 3289 336 3353 Roma
361 3288 437 3355 mihi
461 3292 564 3373 patria
583 3316 649 3359 nou
667 3293 770 3369 foret,
800 3291 950 3356 siRoma
969 3309 1020 3353 me
1045 3308 1112 3351 non

93 3388 274 3465 eduinum,
297 3390 323 3452 si
337 3392 484 3455 Romano
502 3396 577 3459 adro
593 3416 660 3460 non
674 3406 760 3458 tauto
782 3392 932 3457 vixissem
950 3405 1111 3472 tempore,

94 3490 358 3579 sillomanorum
379 3490 506 3575 ingenia
523 3494 598 3557 mihi
616 3514 683 3558 non
701 3495 781 3559 adeo
802 3506 908 3558 essent
927 3502 1110 3576 perspecta,

94 3587 159 3671 jam
189 3601 293 3653 tecum
322 3590 399 3655 irem
424 3591 458 3654 in
476 3592 623 3677 gratiam,
663 3594 889 3677 crederemque
917 3615 976 3677 pro
1002 3603 1110 3666 certo,

95 3711 164 3773 quo
191 3701 225 3751 tu
252 3712 323 3754 ctam
349 3686 501 3755 Romanis
527 3693 588 3756 tuis
615 3693 755 3756 affirmas·
799 3680 869 3757 Jam
890 3704 1008 3781 quanto
1034 3703 1112 3754 tem·

94 3813 174 3871 pore
191 3812 264 3854 eum
277 3790 428 3856 habuistis
442 3784 625 3869 clamorem,
647 3782 785 3854 Turrani
798 3791 961 3856 imminere
980 3786 1111 3853 cervici·

95 3891 155 3954 bus
175 3891 453 3957 Christianorum?
486 3893 550 3956 Sed
569 3892 621 3960 dio
640 3914 700 3977 pro
723 3892 785 3956 lide
805 3902 877 3967 tna,
906 3880 983 3974 ‘quis
1006 3887 1109 3950 miuus

96 3993 245 4072 exposuit
271 4015 330 4075 pro
357 3992 585 4077 expeditione?
622 3994 702 4077 Quis
727 3996 818 4077 plura
844 3989 981 4073 accepit,
1016 4009 1113 4074 quam

95 4092 178 4154 vos?
214 4093 269 4175 qui
296 4095 405 4156 Romae
426 4094 576 4158 haeterms
603 4095 853 4161 Christianorum
881 4091 1010 4157 suxistis
1041 4112 1111 4155 san·

96 4193 235 4273 guinem.
285 4194 389 4257 Vobis
415 4195 519 4260 bonus
551 4194 657 4261 Tusca
690 4205 773 4283 est„
790 4195 845 4281 qui
879 4204 928 4257 tot
963 4204 1110 4279 lautaque

96 4294 281 4358 aureorum'
299 4296 394 4359 millia
419 4294 510 4359 vohis
538 4296 706 4380 quotannis
721 4282 799 4372 usi,
844 4316 880 4358 ae
908 4315 967 4379 per
992 4294 1109 4357 bancos

98 4393 292 4460 Christianos
324 4399 457 4462 Romam
487 4397 590 4463 mittit.
637 4397 735 4480 Quod
765 4394 940 4462 Alexandri
967 4408 1109 4482 tenrpore
