2624 5108
150 887 219 951 202
528 870 776 949 Phalerismus.

563 1066 673 1124 Pha!
679 1086 700 1123 a
709 1084 738 1122 r.

224 1165 336 1245 Neque
354 1161 388 1225 id
406 1162 445 1223 ab
467 1184 513 1224 re.

555 1274 738 1350 Tyr-ann.

224 1369 396 1450 Quemdam
431 1366 545 1429 deinde
580 1366 656 1429 boni
688 1366 821 1429 nominis
852 1364 1018 1447 Equitem,
1062 1364 1159 1449 hujus

147 1470 322 1542 misertum,
355 1488 390 1529 ac
413 1464 588 1532 innocentis
614 1465 806 1531 conv'ictoris
832 1458 966 1528 mo'rtem
989 1464 1157 1546 deplorare

147 1590 257 1631 ausum
275 1565 428 1647 interemi.

563 1684 737 1749 Phaler.

220 1774 413 1857 Legitimum
445 1774 586 1855 Tyranni
621 1794 717 1855 opus,
756 1773 1000 1857 misericordiam
1031 1776 1155 1859 punire.

146 1876 268 1939 Verum
288 1879 371 1948 nulla
389 1874 550 1957 superbis
573 1874 650 1936 uitio
671 1874 809 1936 insecuta
828 1872 898 1936 est?

554 1993 585 2047 T
591 1987 737 2064 prunis.

219 2082 403 2145 lmminebat
415 2082 558 2164 quidem,
577 2084 634 2147 sed
646 2102 708 2165 ego
722 2083 854 2145 consilio
868 2084 1006 2166 propuii.
1027 2085 1156 2168 Quippe

144 2181 271 2245 maximi
290 2203 361 2245 cnm
380 2183 546 2265 adversum
565 2204 614 2245 me
627 2184 795 2263 conscripti
818 2184 848 2258 ²⁸)
866 2185 1024 2248 exercitus
1041 2197 1154 2261 essent,

144 2281 269 2365 jamque
288 2283 321 2350 in
341 2294 540 2363 prospectum
560 2282 738 2347 accessisset
756 2283 888 2358 bellum,
917 2284 958 2346 sd
976 2286 1061 2366 pecie
1082 2306 1156 2347 cou-

143 2382 279 2447 (titiones
298 2383 446 2449 descendi
466 2382 587 2466 iniquas
607 2382 709 2445 ctiam.

559 2499 733 2559 Pharan

218 2591 305 2672 Ouid
323 2590 427 2654 fecisti
446 2590 571 2661 autem?

552 2706 735 2778 Tyrants.

218 2799 356 2862 Omnino
372 2798 458 2861 nihil.
503 2798 670 2859 Facturum
691 2799 739 2872 **)
765 2808 867 2861 eutem
891 2794 1039 2878 promisi,
1068 2797 1152 2859 etin

142 2898 190 2960 rei
224 2897 318 2968 fidem
354 2896 456 2957 literas
493 2896 690 2976 consignavi,
730 2895 935 2977 fidejussores
966 2896 1152 2977 interposui.

142 2997 235 3057 Nunc
264 2993 411 3055 distracto
441 2997 548 3070 hoste,
588 3016 660 3066 curu
690 2996 766 3058 nihil
795 3018 922 3070 eorum,
957 2997 998 3058 (le
1034 2996 1152 3079 quibus

142 3104 331 3154 conventum
357 3105 418 3168 est,
455 3095 638 3171 observem,
673 3107 710 3158 ut
735 3097 831 3159 fidem
860 3095 996 3181 quisque
1023 3099 1152 3175 clamat,

140 3193 278 3256 medium
298 3193 430 3277 digitum
450 3197 593 3258 ostendo.
710 3178 713 3185 ¹

556 3311 729 3368 Pholon

217 3402 398 3476 Generose,
417 3421 488 3461 nam
507 3412 538 3460 et
557 3404 710 3480 perfidum
730 3421 799 3473 esse
815 3412 942 3484 oportet
955 3405 1150 3483 Tyrumum.

552 3522 729 3588 Tyranm

215 3605 307 3666 Nunc
342 3606 425 3669 istud
454 3609 629 3688 prospicio,
677 3618 710 3667 ut
736 3607 953 3675 amicissimum
987 3632 1149 3698 quemque

139 3702 261 3767 furnilie
281 3704 362 3770 illius
381 3711 632 3790 conprehensum
649 3706 782 3788 pessime
802 3709 991 3773 conficiam·

558 3824 734 3885 Phalar.

215 3913 328 3975 Omnia
346 3914 542 3993 Tyrannice,
560 3926 593 3976 et
612 3936 681 3998 que
699 3914 822 3992 fecisti,
843 3928 875 3980 et
895 3940 964 4002 que
983 3917 1149 4000 proponis.

139 4013 212 4093 Qua
229 4014 293 4074 haec
312 4022 416 4077 autem
435 4027 500 4075 erte
518 4014 630 4095 parus?

547 4133 725 4201 Tyrann.

213 4221 338 4295 Dicam,
358 4219 412 4282 ubi
434 4219 521 4300 prius
541 4221 581 4287 de
600 4243 703 4285 uxore
722 4242 903 4306 exposuero
922 4241 1001 4286 men.

138 4360 329 4378 *a

173 4462 204 4507 ”t
222 4478 372 4529 concerno,
389 4477 475 4521 educti.
511 4467 554 4529 *ἢ
576 4481 722 4527 sacrarum.
742 4480 864 4523 tritomo.
