2624 5108
528 776 566 853 in
591 775 741 854 Tuscae.
1072 778 1145 855 6⁰⁰

77 1019 79 1021 -
123 983 214 1039 extre
236 984 381 1061 ornatum
395 968 547 1052 probent,
566 969 621 1054 qui
635 972 757 1050 sepiunt
772 987 839 1033 non
851 966 982 1050 perinde
996 965 1145 1048 iudicent.

123 1069 204 1135 Nem
222 1073 252 1132 iri
265 1070 481 1140 membrorum
495 1070 712 1152 compaginem
728 1084 761 1134 et
777 1072 919 1150 corporis
934 1067 1146 1132 hebitudinem

124 1185 275 1253 spectant.
313 1172 364 1235 Sic
377 1192 414 1234 es
430 1191 500 1253 que
517 1169 676 1233 slomnne
688 1169 814 1244 admunt,
829 1170 896 1232 non
906 1171 1075 1242 mirentur,
1088 1169 1148 1258 nisi

124 1271 238 1354 quibus
256 1273 374 1334 nullum
386 1286 434 1334 ess
443 1268 604 1356 judicium.
623 1270 702 1334 Nem
712 1270 882 1353 prudentes
900 1268 940 1332 sb
952 1271 1055 1332 animo
1071 1262 1149 1332 estis

125 1390 220 1435 mant.
256 1373 376 1436 lterum
388 1372 505 1435 formes
525 1373 579 1455 qni
594 1386 750 1452 spectent,
769 1370 856 1432 nude
869 1385 982 1450 petunt
1001 1386 1146 1447 corpore.

125 1471 268 1535 Similiter
285 1473 327 1534 de
344 1471 435 1535 vobis
450 1473 505 1557 qui
524 1475 705 1536 seutentiam
722 1470 848 1544 ierunt,
867 1490 934 1531 non
954 1490 995 1530 ex
1014 1470 1075 1538 istis
1090 1487 1147 1531 vos

124 1572 261 1636 fortune
271 1574 458 1636 irulumentis
472 1587 609 1636 censent.
636 1574 779 1633 Externa
788 1586 859 1633 suut
869 1574 952 1637 enim
960 1568 1147 1642 huiusmodi.

127 1673 225 1734 etita
248 1672 378 1750 adsunt,
409 1687 446 1739 ut
463 1674 591 1756 integris
614 1671 706 1733 vobis
737 1671 844 1732 abesse
868 1673 995 1750 possint.
1032 1672 1077 1733 At
1094 1670 1150 1732 illis

128 1774 219 1834 animi
242 1774 431 1837 ornamentis
447 1776 500 1856 qui
519 1788 607 1854 eget,
634 1774 701 1835 solo
716 1773 843 1834 nornine
859 1771 1009 1855 Princeps
1027 1789 1092 1853 est,
1113 1776 1149 1831 r'e

127 1891 204 1934 reru
222 1894 293 1934 non
316 1892 371 1936 est.
410 1874 517 1954 Quare
539 1874 651 1935 iterum
672 1871 764 1946 dico,
790 1872 973 1954 intelligitis,
999 1890 1151 1954 quorsum
1181 1890 1184 1897 ·

127 1971 192 2035 see
218 1971 422 2052 pertineant?
457 1973 579 2052 Nempe
604 1986 641 2035 ut
670 1973 783 2055 siquis
810 1972 975 2038 intervos
1004 1975 1057 2048 sit,
1089 1953 1144 2056 q'td

128 2091 194 2133 non
209 2074 332 2153 penitus
346 2077 412 2153 ipse
427 2091 461 2134 se
479 2086 668 2156 eognoscat,
691 2073 835 2162 quidiste
851 2072 909 2133 sibi
919 2073 996 2132 velit
1005 2091 1152 2151 persons,

128 2184 237 2255 quove
252 2174 284 2235 in
298 2175 420 2236 theatro
435 2173 500 2235 ludi
514 2174 590 2235 ilem
609 2173 772 2254 perdiscat.
799 2171 923 2239 Deinde
937 2172 976 2234 sd
992 2174 1150 2243 uirtutem,

128 2271 229 2343 idest
253 2275 418 2353 propr-lum
440 2288 473 2335 et
502 2273 658 2353 peculiare
686 2272 837 2352 Priudpis
866 2272 1000 2335 officium
1027 2271 1152 2333 rdtstur.

129 2370 287 2433 Pretcres
311 2388 350 2434 ut
372 2392 430 2435 ros
454 2371 495 2434 sd
515 2392 566 2436 res
586 2377 751 2448 menimes,
784 2392 917 2454 quarum
942 2369 1153 2455 gerendarum

128 2469 190 2531 hoc
209 2486 353 2551 tempore
375 2491 493 2533 summe
515 2475 637 2544 occasio
660 2489 724 2548 ess,
761 2473 919 2535 adhorter.
963 2470 1048 2551 Quid
1070 2471 1153 2533 enim

130 2573 186 2632 ists
205 2572 298 2633 sinitis
316 2569 460 2653 rubigine
479 2571 595 2635 obduci
611 2571 719 2635 mma?
750 2572 834 2653 Quid
853 2587 899 2634 tot
916 2569 1015 2634 fortes
1033 2572 1153 2633 animos

129 2690 221 2733 suum
240 2671 326 2734 illum
338 2672 499 2754 vigorem,
517 2674 613 2756 longe
626 2673 781 2736 bellorum
805 2670 1035 2736 intermissione
1052 2668 1154 2732 sinitis

130 2771 298 2852 perdere?
314 2774 456 2854 Tempus
474 2785 539 2849 est,
557 2784 593 2836 ut
607 2771 1050 2848 heberturrstioGermsnise,
1070 2768 1152 2834 rstio
1235 2776 1239 2787 '

130 2875 258 2954 imperii,
268 2877 347 2937 ratio
356 2873 530 2937 communis
542 2872 714 2956 religionis.
725 2876 832 2956 Atque
841 2872 921 2935 inibi
932 2893 1013 2954 opus
1021 2883 1068 2934 est
1076 2888 1153 2935 cort·
1247 2888 1250 2895 ·
1262 2878 1272 2895 “

129 2974 222 3050 silris,
237 2976 424 3051 sedulitate,
439 2973 617 3059 vigilantis,
631 2973 759 3049 labore,
771 2971 952 3037 sobrietate.
977 2973 1152 3062 insumus,

130 3093 211 3154 opus
230 3087 293 3150 est,
313 3098 355 3136 ue
374 3077 453 3159 quid
473 3076 505 3138 in
524 3076 616 3138 vobis
635 3073 808 3153 discrepet,
828 3073 886 3136 sed
903 3071 1060 3137 uromnis
1075 3074 1153 3136 cosi·

129 3171 274 3248 venient,
302 3184 334 3233 et
352 3174 556 3237 concorditer
573 3188 610 3239 ιιι
629 3194 735 3238 rerum
761 3194 868 3238 curem
896 3173 1087 3254 suscipietis,
1116 3192 1155 3236 so

128 3273 268 3337 utrenirni
282 3292 440 3337 consensu
453 3274 492 3337 ed
506 3276 601 3338 linem
611 3296 716 3360 usque
728 3274 915 3356 pertimetis.
935 3277 1009 3337 lion
1022 3286 1154 3343 temere.

129 3372 255 3439 tiamsi
275 3372 308 3435 iu
330 3392 367 3437 rc
387 3373 506 3437 ludicre
529 3376 639 3443 musici
662 3377 852 3440 chordarum
872 3372 1062 3440 concentum
1086 3373 1155 3437 exl-
1273 3404 1276 3410 ·

131 3484 229 3557 gunt,
250 3485 282 3534 et
302 3473 329 3536 si
349 3472 429 3558 quid
448 3473 623 3557 discrepet,
649 3477 781 3559 gretiam
800 3477 984 3560 desperent,
1010 3475 1044 3538 in
1063 3475 1154 3541 seriis

132 3586 250 3656 quanto
277 3573 376 3657 magis
399 3582 483 3655 bpus
508 3595 579 3640 esse
606 3576 797 3652 concordie,
831 3597 913 3656 opus
937 3595 1007 3639 esse
1032 3577 1156 3640 loedere

131 3686 162 3736 ct
191 3673 418 3755 conjunctione
446 3674 575 3738 omnino
604 3673 780 3739 firmissime
807 3676 1007 3756 putendum?
1056 3676 1156 3760 Quod

131 3775 277 3858 proxime
300 3776 364 3838 huc
388 3773 548 3866 pertinet,
587 3771 847 3859 quandoquidem
874 3796 941 3838 non
970 3775 1102 3839 minoris
1121 3774 1157 3840 is

131 3876 280 3939 momenti
290 3887 354 3951 est,
372 3897 412 3938 eo
427 3895 536 3938 omnes
549 3873 738 3951 adnitimini,
752 3884 788 3937 ut
799 3873 854 3951 sit,
869 3875 1010 3957 quicum
1022 3873 1155 3959 ubique,

31 4051 33 4055 Ι
131 3986 197 4036 tum
213 3977 265 4038 rel
284 3976 442 4058 precipue
460 3977 522 4038 hoc
538 3975 572 4037 in
590 3975 674 4037 bello
695 3993 778 4037 unus
799 3972 919 4057 presit,
948 3994 1031 4037 unus
1050 3973 1155 4052 ducet,

132 4096 214 4138 uuus
236 4075 384 4154 imperet,
403 4076 455 4138 cui
473 4094 584 4138 omues
601 4084 748 4156 parcant,
770 4094 879 4139 omnes
897 4070 1060 4138 audientes
1076 4074 1155 4152 sinn

133 4195 227 4256 quem
254 4195 363 4238 omnes
384 4187 568 4251 vereantur,
602 4196 711 4238 ornnes
730 4173 918 4256 suspicient,
947 4173 1076 4256 :eujus
1096 4175 1155 4242 iur-

132 4274 246 4352 perstis
267 4276 370 4337 nrdlus
394 4278 448 4339 vel
465 4275 617 4338 tantillum
636 4275 786 4339 discedet.
828 4275 983 4358 Atqueis
1002 4288 1049 4340 est
1069 4299 1155 4342 corn·

133 4372 220 4436 muni
240 4384 348 4437 restro
368 4395 544 4453 consensu,
571 4377 663 4441 simul
681 4377 778 4441 totius
798 4376 973 4442 Germania
991 4382 1153 4450 voluntate
