2624 5108
196 863 269 937 38⁰
596 856 814 958 Triumphus

406 962 437 1007 ιι,

194 1049 336 1120 Viscera,
354 1026 513 1125 pericios,
532 1070 594 1125 quo
613 1061 642 1107 te
659 1053 758 1107 minus
777 1050 919 1107 omnibus
938 1052 1022 1106 annia

195 1145 303 1202 Omnis
322 1148 481 1217 posteritas
502 1147 572 1201 odio
591 1145 773 1201 condemnet
791 1143 923 1212 acerbo,

192 1234 408 1310 Execrentque
426 1248 510 1295 tuum
527 1238 676 1293 venientia
693 1237 795 1293 secula
812 1253 946 1304 nornen,

194 1330 349 1385 Summum
369 1331 410 1384 ob
430 1331 589 1401 flagitium,
607 1341 637 1386 ct
653 1329 751 1399 magni
769 1329 933 1400 Capnionis
952 1316 1092 1397 amores

194 1422 294 1498 Quem
313 1422 388 1493 petis
408 1423 534 1491 invidia,
552 1423 589 1477 de
608 1439 668 1492 quo
688 1421 784 1493 spolia
803 1422 858 1477 iata
876 1430 1034 1491 reportas,

192 1514 322 1582 lnunc,
342 1515 416 1568 aude
436 1515 542 1569 iterum
561 1514 695 1569 divinum
713 1514 864 1573 incessere
882 1521 992 1567 vatem.

191 1608 277 1663 Ande
296 1609 356 1662 acri
377 1618 493 1662 certare
512 1607 598 1674 viro,
618 1614 649 1661 et
665 1605 774 1661 virtute
792 1606 941 1677 potenteis

191 1698 334 1756 lnaectari
354 1700 448 1769 odiis,
466 1700 540 1755 aude
558 1698 755 1755 insulsissime
772 1698 893 1771 scriptia

190 1791 349 1848 Mumeam
371 1792 481 1846 invicta
498 1791 639 1848 virtutem
657 1793 820 1849 excindere
838 1794 926 1848 fama.

192 1884 264 1959 Quo
283 1884 402 1952 studio,
423 1901 518 1955 quave
537 1894 600 1941 arte
617 1885 729 1955 miser,
748 1904 806 1959 qua
823 1886 852 1940 ri
870 1885 1019 1955 genioque

191 1976 323 2043 Scribis,
346 1985 378 2030 ut
396 1977 472 2032 istud
491 1994 568 2051 opus
585 1990 714 2034 venturo
733 1988 870 2050 tempore
890 1994 1060 2049 quenquam

191 2068 253 2143 Qui
271 2068 347 2138 legat
369 2085 434 2125 esse
453 2082 556 2141 putes,
575 2081 604 2125 et
620 2071 737 2141 olentes
754 2082 891 2128 stercora
909 2069 1030 2126 libros?

189 2161 258 2218 Diis
275 2162 368 2216 miser
387 2163 483 2231 iratis,
506 2171 535 2217 et
552 2180 643 2235 parca
660 2176 727 2241 nata
745 2165 882 2232 sinistra,

190 2252 279 2330 Quos
298 2255 378 2308 cadis
399 2254 425 2309 in
444 2255 592 2327 laqueos?
615 2272 656 2311 ex
675 2275 737 2329 quo
755 2258 808 2311 tibi
826 2256 921 2326 gloria
939 2265 1036 2327 coepta

189 2347 309 2419 sperata
327 2357 393 2417 eat,
411 2347 482 2405 hinc
501 2366 587 2420 poena
607 2350 692 2405 redit.
729 2350 948 2418 Phlegethonte
968 2349 1024 2404 sub
1043 2347 1105 2402 imo

188 2438 310 2496 Nullius
329 2448 430 2512 aperta
447 2438 518 2509 legit
536 2442 687 2497 crudelius
707 2443 753 2497 ilia
771 2443 881 2498 vultur.

188 2532 412 2588 intolerabilior
429 2534 509 2589 nulla
527 2544 574 2590 est
591 2546 674 2602 rota,
696 2536 835 2607 nullaque
854 2534 939 2607 pejus

189 2625 356 2678 Tantaliam
375 2637 478 2681 movet
495 2628 573 2682 unda
591 2627 688 2696 sitim,
712 2629 867 2698 leviusque
888 2628 1026 2681 seruntur

188 2717 317 2772 Horrida
336 2718 487 2790 Sysiphias
505 2736 576 2775 saxa
596 2721 768 2775 exercentis
786 2720 889 2789 vires,

187 2809 289 2884 Quam
320 2826 407 2881 poena
437 2818 501 2880 est,
544 2829 693 2884 quamque
721 2814 806 2881 haee,
847 2829 913 2886 quaa
943 2821 972 2865 te
1009 2811 1086 2868 intus
1119 2817 1149 2865 et
1181 2812 1212 2870 in

573 2916 641 2961 cute
659 2906 756 2975 rodit,

189 2993 317 3051 Conscia
336 3012 421 3051 mens
439 2998 608 3066 scelerum,
629 2999 802 3069 cruciatqus
821 3015 855 3053 ac
875 2997 993 3062 viscera
1013 2997 1136 3053 mandit.

186 3087 387 3144 Dissimulare
405 3098 504 3144 tamen
521 3091 585 3159 vis,
605 3101 634 3146 et
650 3092 691 3147 nil
711 3089 768 3145 tale
785 3089 899 3159 videri,

189 3178 265 3255 Qnae
283 3180 336 3236 tibi
354 3183 504 3255 praecipua
525 3193 569 3240 est
586 3183 737 3251 versutia,
759 3192 886 3256 nataque
904 3192 1006 3239 tecam
1016 3224 1026 3251 ‚

186 3274 300 3330 Contra
318 3294 406 3349 quam
429 3277 521 3345 facis,
542 3287 572 3331 et
588 3294 678 3347 quam
695 3286 728 3330 tu
739 3291 796 3353 aa,
814 3293 1001 3347 componere
1021 3277 1158 3344 vultum,

187 3366 316 3440 Obstipo
336 3362 450 3440 eapite,
474 3377 503 3422 et
519 3368 615 3439 panda
632 3369 771 3438 cervice,
790 3369 948 3442 oculisque

186 3460 221 3513 In
239 3470 351 3514 terram
370 3460 459 3527 fixis,
477 3468 599 3515 sanctos
617 3463 797 3532 praemittere
814 3477 930 3526 morea.

187 3553 226 3604 At
245 3551 295 3621 qui
314 3559 343 3604 te
361 3559 492 3619 norunt,
510 3567 669 3611 morosum
687 3554 899 3629 difficilemque

185 3643 401 3714 lmpnrumqus
420 3653 547 3714 vocant,
565 3643 832 3720 simulatoremque
849 3650 998 3722 peritum,

185 3734 224 3789 Et
244 3746 442 3806 nugatorem,
460 3738 666 3813 tumidumque
684 3751 772 3813 atque
791 3742 853 3798 oris
874 3744 977 3821 amari.

186 3828 279 3900 quue
299 3829 397 3901 palam
415 3832 509 3889 sensit
527 3833 681 3906 Capnion,
698 3834 839 3907 ultusque
858 3844 981 3906 repente

186 3922 246 3976 Has
268 3922 321 3976 tibi
341 3925 492 3997 compegit
511 3927 661 3995 manicas,
678 3927 745 3993 laec
764 3927 884 3983 vincula
905 3935 991 3998 capto

184 4014 312 4085 Intudit‚
330 4015 419 4089 inque
436 4034 493 4075 suo
507 4019 596 4089 jubet
612 4036 759 4093 apparere
775 4019 941 4091 triumpho.

185 4109 199 4163 1
217 4109 331 4179 miser,
348 4120 381 4165 ut
399 4120 537 4183 specterc
556 4112 658 4168 miser.
694 4112 809 4169 Vemm
828 4128 894 4168 esse
912 4112 1051 4179 laborat,

185 4200 309 4257 Vinctus
327 4204 434 4275 Apella
452 4204 545 4262 miser
561 4212 680 4273 tecum,
698 4204 843 4278 laterique
859 4204 1063 4277 propinquum

186 4293 222 4347 ie
240 4297 384 4351 conferre
402 4305 465 4352 tuo.
504 4295 580 4352 Sinis
597 4296 680 4355 hunc
697 4308 800 4359 tecum
818 4299 882 4355 ire?
900 4308 1048 4371 potesque

189 4387 262 4442 Huic
280 4406 333 4459 par
353 4406 419 4445 esse
437 4390 533 4449 loco?
550 4406 675 4462 possum
693 4391 797 4466 inquit.
833 4393 914 4450 Nam
932 4391 1012 4446 dedit
1030 4389 1071 4443 illi

188 4476 343 4551 Quosdam
364 4483 436 4537 olim
452 4481 604 4552 monitus,
623 4484 762 4560 quiddam
779 4486 842 4543 hoc
861 4483 999 4542 didicisse
1017 4479 1160 4551 magistro
