2624 5108
416 1480 607 1599 2¹¹i⁰h¹¹⁸
628 1483 673 1544 d'e
693 1442 866 1587 slutteii,

283 1683 532 1791 loanni
581 1628 921 1759 Red'etil-in
969 1684 1003 1759 S.
1086 1756 1105 1791 ..-

570 1926 708 1941 ---.
725 1910 728 1915 ’
744 1914 797 1963 ..352

751 1946 888 1997 '¹s.,

143 2064 212 2159 Per
232 2107 282 2170 te,
303 2108 394 2178 capnt
414 2110 501 2161 tuum
522 2121 598 2177 oro,
618 2120 676 2183 per
690 2101 716 2163 si
730 2100 807 2185 quid
821 2102 881 2164 hoc
896 2101 997 2163 carius
1011 2097 1151 2182 utrique,

141 2199 206 2260 noli
226 2196 323 2260 tristia
344 2200 474 2262 ominari
502 2201 602 2264 nobis.
646 2202 732 2284 Quid
751 2204 834 2265 enim
861 2202 919 2264 ista
939 2199 1000 2263 sibi
1019 2202 1151 2261 volunt:

144 2300 191 2360 sin
211 2297 300 2360 brevi
319 2300 450 2373 moriar,
476 2301 548 2363 satis
568 2301 623 2364 tibi
639 2302 843 2382 respondebit
857 2302 957 2362 virtus
980 2311 1042 2359 tua.
1079 2295 1154 2358 Noli

147 2419 195 2459 mr.
222 2411 339 2460 terrere
365 2401 509 2461 obsecro.
555 2401 628 2463 Noli
655 2398 722 2481 ipse
749 2401 913 2481 imponere
938 2397 1155 2461 necessitatem

146 2496 217 2572 tibi,
244 2510 274 2560 et
299 2499 383 2561 illum
403 2500 486 2562 refer
511 2501 645 2564 animum
670 2523 736 2584 quo
755 2501 864 2565 solitus
885 2520 918 2562 es
938 2497 1081 2561 ferundis
1102 2497 1157 2558 ad·

145 2600 243 2663 versis
270 2600 326 2660 nti.
372 2601 491 2663 lllnltos
517 2603 599 2664 ultro
625 2600 814 2663 ferocientes
840 2600 1067 2663 formidulosus
1089 2596 1158 2658 dux

147 2702 257 2764 milites
275 2701 321 2763 his
342 2699 477 2783 querelis
497 2700 650 2765 emollitos
670 2702 794 2764 reddes.
832 2703 880 2763 Nc
901 2701 956 2763 tibi
975 2701 1070 2766 desis.
1109 2704 1158 2765 Ne

147 2802 327 2865 ardentibus
364 2823 422 2882 pro
459 2814 489 2864 te
519 2802 614 2866 mulie
764 2803 785 2864 d
815 2802 963 2882 obstrepe
989 2803 1037 2866 sin
1068 2804 1160 2865 brevi

148 2904 274 2966 moriar.
319 2902 416 2964 Immo
441 2923 506 2964 non
530 2902 647 2966 moritu
667 2902 746 2986 lqni
773 2901 818 2966 sic
843 2902 933 2966 vixit.
979 2903 1048 2966 lstis
1077 2906 1162 2967 enim

150 3002 237 3064 annis
257 3003 409 3085 quicquid
428 3003 542 3080 addes,
573 3006 661 3067 luero
688 3003 863 3067 accesserit.
902 3003 1010 3066 Gloria
1035 3005 1161 3068 abunde

152 3114 209 3163 est.
253 3104 382 3166 Sensisti
411 3104 520 3167 vivens
552 3124 590 3167 ea
616 3105 656 3166 (le
683 3113 714 3164 te
741 3103 933 3178 testimonia,
964 3126 1033 3187 que
1052 3105 1162 3184 paucis

152 3204 238 3284 prius
266 3201 395 3266 mortuis
416 3202 632 3285 contigerunt,
659 3225 695 3266 ae
715 3202 781 3284 ipse
802 3202 974 3282 posteritati
994 3203 1164 3266 interfuisti

152 3316 222 3368 tnae.
260 3304 356 3387 Quod
376 3304 413 3364 ad
433 3324 482 3364 me
502 3303 623 3377 attinet,
645 3305 717 3367 satis
737 3303 854 3367 factum
868 3325 939 3366 meo
955 3303 988 3365 in
1003 3314 1035 3366 te
1056 3302 1164 3366 studio

152 3407 305 3481 arbitror,
338 3405 388 3464 vel
415 3405 474 3464 hoc
494 3405 563 3465 solo
590 3403 678 3485 qnod
707 3403 787 3466 inter
808 3401 1035 3467 Reuchlinistas
1055 3423 1165 3467 nume·

153 3521 254 3573 ratum
281 3504 362 3569 hand
390 3503 525 3565 obscure
544 3524 594 3567 me
620 3502 763 3565 viderim.
802 3503 943 3566 Proinde
965 3507 1116 3567 confirma
1135 3515 1166 3565 te

153 3608 323 3673 fortissime
355 3615 507 3685 Cupidon.
543 3605 678 3665 Multum
705 3602 811 3665 oneris
840 3606 886 3666 tui
913 3603 945 3665 in
966 3617 1091 3668 nostros
1111 3607 1168 3667 hu·

155 3729 260 3773 meros
288 3709 467 3768 translatum
493 3716 550 3767 est.
595 3701 787 3782 Jampridem
813 3700 994 3766 incendium
1019 3704 1169 3780 confluit,

157 3809 245 3892 qrrod
265 3805 449 3889 tempestive
476 3825 569 3885 spero
595 3801 776 3883 efflagrabit.
821 3800 928 3880 lpsnnr
953 3805 1171 3887 requiescere

156 3909 265 3989 jubeo.
317 3912 382 3971 Eos
413 3905 487 3969 milri
515 3904 655 3989 adjungo
680 3901 793 3965 militie
818 3899 944 3979 socios,
977 3922 1115 3986 quorum
1140 3911 1173 3961 et

157 4022 227 4072 etas
247 4023 278 4074 et
303 4009 444 4071 conditio
473 4028 585 4091 pugne
610 4003 720 4090 generi
747 4024 804 4084 par
830 4014 888 4066 est.
927 4000 1023 4065 Brevi
1049 3999 1172 4063 videbis

157 4110 324 4193 lugubrem
352 4107 604 4172 adversariorum
624 4106 803 4187 tragediam
822 4125 841 4165 e
862 4101 1032 4166 ridentium
1051 4103 1173 4167 theatro

158 4211 311 4272 exibilari.
348 4212 424 4270 Hac
437 4208 561 4271 diversa
581 4205 728 4287 opinante
744 4216 775 4266 te
793 4203 917 4267 molior.
956 4204 1071 4287 Neque
1090 4202 1176 4267 enim

158 4313 199 4374 de
220 4332 269 4374 me
298 4310 324 4374 si
351 4320 436 4373 recte
464 4302 686 4388 suspicareris,
709 4302 766 4368 ista
786 4302 951 4368 scriberes.
989 4303 1063 4367 Noli
1085 4305 1190 4373 deser

160 4431 232 4477 rere
252 4434 375 4475 cansam
394 4409 544 4473 veritatis.
582 4409 697 4489 Egone
723 4405 867 4469 deseram
892 4416 945 4467 aut
970 4406 1050 4467 banc
1072 4415 1125 4468 aut
1145 4413 1179 4465 te

192 4547 256 4592 nun.
275 4546 319 4606 ορ.
337 4548 362 4593 τ,
382 4549 411 4596 n.
810 4517 856 4585 22
