2850 4732
289 451 362 532 884
691 449 909 552 Triumphus

289 649 372 706 'rum
391 647 519 706 sublime
537 657 643 722 eaput,
660 649 881 723 tumefactaque
899 651 1030 710 nubibus
1047 655 1137 712 effen

187 791 190 810 ,
288 741 388 800 Labra
404 751 490 796 tenue
499 781 509 811 ,
530 743 702 814 plaudieque
721 759 830 811 manu,
847 742 992 817 mollique
1010 747 1176 821 triumphu

289 834 439 890 Continuo
459 847 560 903 gestu,
578 844 650 890 tune
667 843 696 888 te
713 835 780 889 haee
798 849 953 906 suggesta,
971 849 1114 912 tuumque

287 927 347 984 Vix
363 928 441 998 capit
457 928 520 982 hec
537 941 682 996 regnum,
699 937 771 982 tune
787 939 820 982 tu
838 931 937 986 omnin
956 947 1033 986 voce
1052 934 1196 1002 lucernis,

287 1019 455 1092 Omniaque
474 1035 641 1091 exuperas,
664 1029 694 1076 ct
710 1021 828 1076 inanem
846 1024 978 1092 pereutit
998 1041 1110 1082 turam.

287 1113 378 1168 Tunc
395 1121 427 1166 tu
445 1111 545 1166 victer
561 1125 653 1182 over,
672 1121 702 1166 et
719 1123 858 1186 tanquam
877 1133 893 1171 e
912 1118 993 1174 caede
1012 1118 1125 1175 recenti

285 1204 395 1262 Poeeit
412 1213 491 1260 serta
511 1204 628 1273 redux,
645 1206 780 1277 laurique
799 1223 815 1261 e
836 1209 944 1264 frende
963 1225 1127 1280 corenam,

285 1299 409 1369 Hocque
428 1298 506 1352 inter
523 1298 664 1368 plausus,
688 1308 717 1352 et
735 1299 764 1352 in
782 1300 842 1356 huc
859 1302 1038 1372 nequissima
1059 1321 1171 1378 pompa

284 1387 345 1444 Vix
364 1389 483 1444 humilis
502 1390 559 1446 diei
578 1390 694 1448 Gaiiiei
714 1407 731 1444 e
748 1391 837 1462 plebe
855 1395 993 1464 Magistri

285 1485 479 1558 Disciptrius,
496 1485 656 1556 celumque
675 1485 774 1538 refers
793 1499 808 1540 e
828 1489 950 1542 nomine
969 1489 1143 1560 Christum,

284 1577 390 1633 Solum
410 1594 425 1633 a
445 1589 528 1632 verte
547 1578 662 1644 refers,
681 1578 768 1646 cujus
786 1578 944 1634 immiserit
961 1580 1062 1649 horti,

283 1670 324 1726 Ut
342 1671 453 1726 docem
463 1709 474 1738 ,
492 1679 564 1726 tune
582 1677 664 1738 terga
681 1669 766 1725 dabie
776 1707 786 1737 ,
805 1671 1012 1742 placidamque
1029 1674 1161 1745 quietem

227 1805 233 1816 .
283 1761 445 1819 Desidione
463 1771 565 1834 petet,
585 1771 673 1834 etque
690 1761 757 1818 hee
776 1773 913 1832 suggette
931 1766 1095 1836 relinques.

283 1856 337 1911 Hie
355 1855 465 1922 titulis,
481 1863 571 1926 atque
588 1855 651 1910 hoc
668 1863 816 1924 pretextu
834 1857 863 1910 in
882 1855 971 1928 plebe
989 1857 1104 1926 notari,

282 1949 357 2005 Non
374 1947 471 2016 magni
490 1947 600 2014 facien,
617 1947 695 2000 ultro
716 1946 930 2020 Christumque
952 1948 1093 2019 negabis,

284 2037 442 2114 Utcunque
458 2041 526 2097 hnc
543 2041 648 2112 aliquis
665 2050 765 2094 tamen
783 2041 928 2108 arnimar,
946 2043 1046 2098 omnia
1065 2042 1176 2111 vineit,

284 2137 360 2214 Qua
378 2147 428 2192 tua
445 2135 597 2208 precipue
615 2143 661 2190 eet
678 2147 761 2204 purat
778 2132 928 2190 simuletio
946 2137 1066 2192 mentit-

283 2233 434 2289 Praeterea
450 2245 542 2284 nemo
563 2235 609 2282 eet
626 2241 666 2282 ex
682 2225 774 2294 vulgo
793 2225 944 2282 indoctior
962 2227 1019 2283 inte
1029 2265 1039 2296 ‚

284 2323 391 2379 Audax
408 2337 501 2376 neme
521 2319 636 2390 magis,
656 2319 710 2374 eed
729 2318 810 2374 enim
829 2319 879 2388 qui
898 2320 1048 2390 peenimur
1069 2321 1152 2378 omni

284 2417 423 2473 Creditur
440 2433 457 2469 e
475 2429 604 2469 numere
623 2422 688 2480 ert,
706 2423 820 2468 tentum
838 2411 900 2466 hoc
918 2409 975 2466 ribi
995 2409 1099 2468 censet
1117 2415 1274 2486 iniquum,

284 2508 377 2584 Quod
394 2519 495 2564 tecum
513 2505 693 2574 ingreditur,
713 2505 856 2576 quodque
874 2503 938 2559 hoc
956 2504 1065 2560 terriie
1081 2506 1238 2580 triumphe

283 2585 405 2656 Tectim
424 2602 506 2654 ierne
525 2599 655 2662 maium,
671 2598 720 2654 vel
739 2597 864 2652 eandem
883 2595 1001 2666 cogitur
1018 2597 1114 2668 irem,

282 2693 408 2750 Francia
427 2691 620 2760 magnanime
640 2704 764 2760 semper
781 2688 921 2742 foecunda
933 2689 1065 2758 juvent·
1075 2729 1086 2759 ,

282 2785 449 2844 Nobiiitate
466 2785 565 2840 virum
583 2784 674 2839 nuliis
690 2779 865 2849 regionibns
888 2781 1006 2853 inpar,

282 2879 323 2936 Et
342 2879 422 2934 nuile
438 2879 584 2943 inferior,
602 2875 668 2942 die,
687 2874 757 2944 quid
775 2876 869 2944 magis
889 2885 956 2931 ente
973 2877 1143 2948 pudendum

282 2970 432 3029 Produxti
449 2971 508 3024 hee
526 2967 662 3024 eobele?
680 2973 710 3020 te
727 2967 845 3024 eeiiieet
861 2969 917 3024 ieta
937 2969 1064 3026 οὶοιπίι

282 3063 441 3129 Dedecet,
460 3063 514 3117 ista
532 3073 664 3127 remex,
686 3067 718 3112 tu
735 3061 850 3130 perdite
869 3059 999 3116 neminie
1014 3061 1126 3132 hejm,

284 3158 382 3226 Atque
399 3155 490 3225 hujus
506 3152 590 3209 labec
605 3137 731 3224 pepuli,
749 3162 781 3206 tu
800 3153 905 3222 stigma
922 3153 1082 3226 pudorque

284 3249 426 3304 Inventus
446 3247 565 3302 fueris?
581 3261 681 3317 neque
699 3255 728 3300 te
746 3245 830 3320 price
848 3245 951 3302 omnia
968 3263 1089 3319 pecuum

283 3341 434 3410 Numina,
452 3341 498 3396 eie
516 3339 656 3394 meritum
674 3337 828 3407 dederint,
849 3339 902 3394 red
915 3340 979 3408 jam
997 3339 1056 3396 ietc
1073 3338 1230 3414 triumphe

282 3437 348 3492 Una
364 3452 452 3492 mora
470 3445 526 3492 ert.
562 3434 576 3488 1
593 3433 656 3488 dira
674 3433 760 3497 lues,
779 3431 787 3485 i
807 3432 936 3502 pessima
953 3430 1057 3486 mundi

282 3529 467 3600 Progenies,
487 3527 588 3584 multis
606 3527 705 3597 pudor
726 3533 755 3580 et
772 3525 891 3591 scelus,
914 3533 943 3578 at
960 3523 1055 3578 decor
1072 3525 1123 3580 uni
1133 3563 1144 3594 ,

284 3625 393 3679 Vivere
411 3639 503 3694 quem
520 3619 617 3676 nolint
635 3631 763 3682 omnes,
778 3631 873 3686 ‚quem
891 3615 995 3670 vivere
1013 3616 1098 3672 rodus

284 3717 435 3772 Hactenus
452 3715 531 3771 haud
548 3711 625 3768 nolit
643 3710 797 3781 Cupidon,
820 3719 849 3762 et
866 3707 989 3777 grudeat
1005 3723 1084 3766 uuut

285 3809 344 3862 isto
364 3810 436 3864 fune
454 3807 552 3874 trahi,
569 3815 657 3875 etque
676 3803 747 3858 istae
763 3803 906 3858 mordere
923 3815 1055 3858 catenat.

351 3991 445 4048 Dicat
460 3989 503 4048 Je
512 4029 523 4058 ,
541 3991 567 4046 ai
580 4005 618 4050 ae
636 3989 721 4046 novit
738 3987 918 4055 Germania,
938 3987 1035 4053 dieat,

285 4083 418 4158 Quoque
435 4081 517 4142 videt
532 4083 659 4156 propius
677 4085 775 4140 ieetoe
791 4083 939 4140 accedere
957 4093 1082 4162 currus,
