2624 5108
614 839 873 915 Exhortatoiia

103 1048 128 1079 ⁶·
237 1032 382 1114 cogimur
401 1031 590 1099 uuociffl
626 1033 734 1118 Atque
760 1032 880 1096 idcirco
906 1031 1010 1102 minua
1029 1056 1167 1104 mnus
1184 1062 1260 1120 nos,

237 1135 313 1218 quia
338 1136 485 1215 exemplo
510 1154 662 1197 erramus.
706 1135 735 1196 E
754 1135 846 1197 vobis
864 1135 1042 1201 istiusmodi
1060 1158 1152 1206 eatan
1168 1144 1259 1206 matis

234 1220 412 1318 provenit,
433 1233 507 1297 huic
527 1232 676 1296 incendio
704 1232 881 1319 fomentum
908 1236 1058 1320 suppetit.
1107 1241 1205 1322 Quod
1229 1242 1258 1306 si

231 1333 451 1412 detraxeritis,
472 1334 577 1397 omnia
591 1333 759 1402 confestim
775 1356 850 1402 rana
869 1347 979 1414 erunt,
999 1338 1105 1402 omnia
1124 1339 1258 1424 integra.

233 1435 339 1502 Penes
367 1456 427 1499 vos
453 1444 518 1514 est,
549 1435 636 1497 salva
657 1432 763 1497 omnia
779 1435 901 1512 velitis,
932 1457 974 1499 an
989 1438 1150 1518 perditura
1171 1440 1261 1522 ipson

235 1557 297 1600 vos
316 1535 363 1600 irc
383 1533 482 1616 juvet.
518 1533 582 1596 Sed
600 1533 673 1617 quir
691 1533 864 1616 perditioni
882 1538 1018 1601 modus?
1047 1540 1133 1618 Quin
1151 1542 1260 1605 reditis

177 1696 181 1702 ,
235 1636 271 1700 in
300 1655 499 1699 communem
528 1632 681 1717 gratiam,
711 1656 753 1698 ne
778 1634 894 1700 frustra
917 1637 968 1700 ille
989 1640 1168 1715 monuerit,
1201 1641 1260 1725 qui

231 1736 333 1801 dixit:
366 1733 539 1798 concordia
557 1754 671 1817 parvas
690 1754 742 1798 res
760 1755 920 1812 erescere,
951 1737 1115 1802 discordia
1129 1759 1260 1822 magnas

229 1836 324 1901 lacile
343 1833 449 1898 dilabi.
473 1834 547 1897 Non
564 1835 611 1898 be
630 1845 704 1899 aaut
721 1835 813 1897 vobis
831 1836 948 1899 irarum
966 1857 1083 1914 causae,
1103 1861 1174 1922 qua
1191 1860 1261 1904 nou

230 1937 284 1997 vel
305 1955 372 1997 uno
391 1935 543 2018 quopiam
560 1934 662 1997 amieo
681 1935 844 2019 colloquio
859 1935 925 2000 tolli
941 1937 1074 2017 possint.
1106 1940 1258 2019 Quadam

228 2044 267 2099 ut
286 2035 356 2099 dixi
375 2035 477 2098 inanis
497 2033 627 2098 ambitio
647 2046 716 2110 est,
734 2057 804 2120 que
824 2057 882 2099 vos
900 2036 1026 2100 dirimit.
1068 2036 1131 2100 Cui
1148 2061 1257 2122 quaeso

225 2127 282 2200 vel
309 2137 350 2198 ad
380 2145 505 2219 tempus
534 2132 680 2198 resistite.
735 2137 846 2219 Magni
875 2149 924 2199 est
950 2137 1064 2213 aninri,
1100 2138 1264 2220 imperare·

228 2235 411 2312 affectibus,
441 2255 479 2297 ec
496 2235 631 2298 rationis
647 2237 744 2299 ductu
765 2236 835 2320 agi,
868 2257 928 2299 nec
950 2237 1028 2300 ferri
1049 2239 1258 2320 cupiditatum

224 2348 331 2420 raptu.
380 2335 504 2420 Erigite
531 2355 610 2412 vos,
653 2357 689 2398 ac
715 2336 806 2401 altius
825 2357 893 2400 rem
920 2336 1125 2419 introspicite.
1171 2340 1257 2406 Nihil

223 2439 288 2499 talc
307 2435 500 2512 invenietis,
531 2435 560 2500 ai
583 2437 634 2499 vel
656 2456 698 2497 ex
722 2448 801 2498 voto
821 2437 865 2499 illi
884 2437 1045 2499 ambitioni
1064 2441 1257 2519 respondeat

226 2537 340 2612 Deus,
377 2548 432 2598 eut
453 2536 608 2612 fortuna,
639 2537 727 2620 quod
751 2558 824 2598 cum
847 2534 941 2614 hujus
965 2539 1143 2600 concordio
1166 2540 1256 2603 bono

227 2637 464 2700 cordcrendum
481 2635 533 2699 sit.
562 2637 655 2713 Dixi,
677 2637 770 2700 unius
787 2639 930 2720 eorporis
947 2640 1084 2700 membra
1102 2660 1171 2702 esse
1184 2661 1256 2704 vos.

225 2726 308 2804 Date
328 2758 458 2820 operam
481 2737 612 2820 singuli,
646 2759 688 2803 no
720 2738 798 2822 quid
824 2759 842 2799 a
867 2742 980 2822 quovis
1001 2739 1102 2801 morbi
1124 2742 1155 2801 in
1184 2743 1254 2803 uni·

225 2858 353 2904 versum
382 2839 609 2920 proficiscatur.
661 2842 768 2922 Atque
801 2839 842 2903 ibi
891 2840 1068 2902 ambitiosos
1097 2860 1168 2903 csse
1195 2863 1258 2906 vos

225 2944 359 3005 maxime
379 2941 482 3002 veiim.
522 2941 604 3020 Quid
625 2940 777 3002 salubrius
798 2942 879 3000 crrim
896 2940 968 3000 huic
987 2943 1133 3020 imperio,
1157 2943 1189 3004 id
1206 2955 1257 3003 est

227 3044 356 3123 corpori
370 3053 500 3117 nostro,
525 3044 658 3123 quamsi
673 3061 732 3104 vos
748 3051 783 3101 ut
799 3041 977 3129 principalia
995 3043 1152 3118 membra,
1171 3045 1258 3104 circa

225 3143 400 3206 communis
427 3144 532 3207 salutis
559 3163 667 3203 curam
691 3140 730 3202 ud
754 3142 980 3201 aemulationem
1000 3162 1104 3223 usque
1122 3154 1256 3205 conten-

224 3243 332 3309 datis?
371 3245 414 3307 Et
441 3243 521 3304 faxit
547 3240 637 3304 Deus
665 3241 807 3320 Optimus
827 3239 1007 3315 Maximus,
1045 3254 1080 3303 ut
1109 3245 1168 3304 isto
1195 3264 1256 3306 vos

226 3345 395 3429 aliquando
423 3345 523 3404 tenori
550 3341 655 3401 studio
681 3339 812 3402 videaur.
852 3341 947 3402 ‘l'uuc
972 3351 1135 3404 suucsccnt
1160 3345 1255 3417 enim,

227 3445 344 3527 quibus
363 3462 423 3505 voa
450 3441 596 3504 morbum
619 3438 792 3501 induxistis.
832 3442 925 3502 'l'uuc
944 3444 1003 3502 isto
1023 3442 1080 3504 sibi
1102 3442 1257 3503 constabit

227 3542 416 3626 respublica.
455 3540 578 3603 Videtis
603 3541 771 3601 humanum
796 3561 933 3622 corpus,
965 3552 1000 3603 ut
1024 3541 1165 3617 laboret,
1198 3545 1256 3604 niel

228 3643 383 3728 quodque
402 3645 577 3707 membrum
592 3661 684 3703 suurn
700 3639 791 3703 iaciat
808 3643 969 3706 officiunt?
1006 3632 1056 3703 Sic
1074 3642 1106 3702 in
1122 3644 1256 3721 imperio

228 3756 296 3820 est,
323 3742 416 3822 cujus
437 3764 495 3807 vos
516 3726 734 3807 cousiliom³ac
754 3753 880 3814 serratus
900 3743 989 3816 catis,
1015 3743 1070 3824 qui
1091 3743 1147 3802 uisi
1166 3754 1258 3805 recte

228 3847 415 3920 consulatis,
444 3842 507 3925 jam
532 3846 590 3906 ista
614 3842 767 3918 soluetur¹
782 3861 959 3922 compago,
991 3834 1148 3925 adquam
1175 3855 1257 3912 con,-

223 3936 415 4014 'serrandum
442 3925 523 4026 opus
552 3954 599 4007 est
625 3962 744 4006 summa
768 3939 1008 4020 conpunctione,
1038 3961 1152 4024 quam,
1182 3962 1254 4017 oro,

231 4071 340 4112 omnes
368 4049 523 4130 appetite,
553 4063 663 4107 omues
687 4042 825 4120 accipite.
863 4041 999 4102 Humani
1020 4062 1151 4124 quoque
1169 4042 1256 4103 habi·

230 4151 310 4212 tudo
329 4150 474 4228 corporis
494 4163 536 4206 ex
551 4143 648 4206 rebus
668 4149 789 4202 constat
808 4142 940 4202 maxime
960 4141 1177 4216 discordibus,
1199 4143 1256 4204 sed

231 4271 302 4334 quse
329 4239 585 4331 conjunctionem
610 4244 778 4324 patiuntur.
817 4242 922 4322 Qualis
943 4244 1026 4303 enim
1044 4234 1256 4323 temperatura

233 4374 274 4414 ex
298 4348 485 4414 lrurnido'et
509 4344 621 4408 sicco?
659 4343 864 4424 llursumque
890 4342 1040 4423 frigidmn
1064 4352 1095 4403 et
1120 4343 1256 4405 calidum

233 4472 329 4538 quam
355 4460 427 4532 apta
451 4445 492 4510 ibi
519 4441 766 4516 convenerunt?
800 4445 909 4526 Atque
934 4443 995 4504 boc
1020 4453 1132 4505 notura
1157 4444 1256 4519 dedit,
