2624 5108
209 845 282 919 Aah
611 836 808 936 Pasquillus

210 1055 270 1101 sex
296 1033 489 1108 centenaria,
520 1033 585 1095 imo
609 1027 780 1095 millenaria
802 1045 973 1092 aureorum
997 1021 1091 1089 vobis
1117 1032 1233 1089 contu

212 1136 335 1199 'starcas
354 1135 443 1209 duta,
464 1131 539 1208 ubi,
567 1131 623 1194 ubi
641 1129 742 1195 suut?
770 1129 803 1191 in
821 1148 919 1212 quem
937 1147 1032 1192 usum
1049 1125 1233 1191 conuersa?

211 1233 246 1305 in
264 1255 337 1297 curn
357 1233 503 1317 quiden,
523 1231 581 1317 qui
598 1250 659 1296 uec
676 1229 832 1311 nomirrari
850 1228 957 1293 debet.

650 1356 793 1428 Cyrus

288 1448 448 1512 Praeterita
466 1466 597 1528 carpere
610 1467 793 1527 possumus,
815 1456 845 1508 at
863 1447 1031 1510 emeruisse
1049 1446 1232 1529 nequimus.

210 1547 304 1613 Unde
332 1546 408 1610 nihil
434 1548 475 1609 de
505 1545 671 1627 preteritis
698 1565 821 1609 mecum
849 1567 933 1629 agas.
978 1547 1021 1611 Ar
1047 1543 1235 1611 defuturis

210 1669 285 1729 spos
302 1649 398 1730 longe
418 1646 568 1728 amplior,
587 1648 750 1731 longeque
769 1646 886 1711 certior
904 1666 984 1711 mea.

587 1770 851 1845 Parqutttus·

286 1863 379 1928 Unde
399 1882 471 1945 spes
490 1862 547 1926 tibi
566 1864 631 1928 lunc
649 1861 788 1947 iugens?

286 2082 338 2145 Ex
355 2078 422 2155 his,
451 2100 521 2163 que
540 2075 602 2157 jam
620 1987 907 2144 deigri'uuiidinuts.
944 2082 1024 2146 Nan
1049 2082 1232 2164 pontificem

209 2181 244 2244 iu
267 2180 417 2242 universo
432 2180 516 2241 clero
531 2178 693 2255 Romano,
714 2200 809 2262 quarn
820 2182 954 2243 devotus
973 2181 1007 2243 in
1024 2183 1232 2263 processione

210 2280 337 2364 publice
358 2284 415 2359 (ut
435 2278 564 2352 dicunt)
588 2277 769 2353 incesserit,
787 2279 856 2360 ipse
875 2280 991 2343 vidisti.
1028 2280 1113 2346 Num
1132 2283 1232 2369 gerni-

210 2392 279 2455 tus,
314 2382 486 2460 lacrymas,
518 2377 615 2463 idque
642 2378 769 2461 generis
796 2380 1057 2463 contemplabaris
1081 2381 1233 2447 mecum?

214 2479 345 2544 Exinde
369 2479 526 2559 conjicio,
549 2477 692 2560 pontifici
713 2490 808 2562 atque
826 2480 1097 2546 reverendissimis
1118 2482 1232 2548 Cardi-

212 2579 334 2649 nalibus
354 2590 490 2643 ruentem
508 2578 613 2643 inesse
629 2578 794 2663 optimam,
815 2602 880 2666 quo
899 2582 965 2644 hacc
983 2580 1146 2664 expeditio
1163 2583 1230 2647 fiat.

593 2705 851 2779 Pas'quillus.

287 2794 350 2858 Dic
375 2794 430 2857 tibi
453 2806 506 2857 aut
526 2794 572 2856 tui
591 2795 758 2870 sirnilibus;
788 2799 851 2861 lraec
878 2797 1009 2861 somnia.
1048 2797 1131 2861 Mihi
1150 2818 1231 2862 vero

212 2895 329 2961 trustra
356 2894 537 2975 persuades.
576 2894 655 2972 Dic,
688 2896 714 2958 si
734 2896 881 2958 Pontifici
906 2917 994 2962 mens
1020 2897 1086 2960 hacc
1111 2898 1153 2960 de
1173 2918 1231 2960 ex·

212 2992 372 3075 peditione
393 2993 425 3056 iu
446 2995 585 3071 'l'ureas‚
622 3017 679 3058 cur
706 2994 888 3060 cardinales
915 2994 1024 3061 Romae
1050 2997 1091 3058 de
1118 3009 1231 3079 gentes

211 3104 298 3158 tanto
331 3106 497 3176 apparatu,
540 3106 625 3157 tanta
656 3115 752 3158 aurea
783 3105 996 3179 argenteaque
1024 3096 1233 3176 suppellectili

212 3194 492 3278 superabundant?
512 3197 654 3276 Quantus
670 3215 827 3280 equorum
840 3195 1063 3277 mulorumque
1077 3196 1233 3259 acervus?

211 3307 248 3360 ut
265 3296 322 3359 vix
335 3294 470 3374 Tyberis
489 3317 571 3379 pons
585 3295 754 3378 aliquando
774 3296 907 3360 sufferre
926 3295 1036 3374 possit.
1076 3293 1145 3359 Cur
1163 3318 1231 3360 nou

211 3409 316 3477 partes
335 3395 445 3475 duplas
463 3392 526 3474 jam
544 3394 591 3456 eis
611 3392 736 3458 abstulit
755 3394 897 3458 dudum?
930 3395 1061 3459 Poterat
1079 3396 1183 3475 enim,
1204 3396 1232 3463 si

212 3496 277 3557 lucc
304 3495 442 3568 laceret,
473 3492 552 3570 (scis
581 3504 616 3556 tu
645 3514 739 3576 quarn
764 3515 841 3559 vers
868 3494 988 3574 dicam)
1019 3497 1158 3561 Turcanr
1189 3521 1231 3560 ex

213 3593 291 3659 Asia
319 3593 518 3681 Thraciaque
544 3594 712 3679 depulisse.
751 3594 814 3658 Sed
838 3598 958 3660 tantum
976 3594 1081 3674 abest,
1112 3610 1146 3660 ut
1166 3585 1232 3663 lucc

213 3697 265 3759 vel
292 3693 445 3759 Pontifex
472 3693 586 3776 capiat,
618 3699 668 3757 vel
694 3694 754 3777 ipsi
780 3694 935 3772 tribuant,
962 3705 998 3759 ut
1016 3696 1051 3760 in
1069 3697 1136 3759 dies
1155 3719 1236 3779 sup«

214 3795 399 3880 pellectilem
431 3795 513 3859 illam
544 3796 738 3880 adaugeant,
773 3816 809 3861 ac
838 3798 934 3881 longe
963 3817 1057 3884 reges
1082 3798 1168 3883 ipsos
1195 3798 1231 3862 in

214 3897 277 3964 lroc
295 3906 497 3978 exsuperent.

287 4110 406 4177 Nescio
436 4109 617 4196 quidboni
648 4022 825 4187 §gritilin
858 4133 957 4199 perge
984 4126 1030 4181 tu.
1075 4117 1149 4198 Ego
1178 4118 1231 4183 iric

215 4212 324 4277 Rome
349 4230 498 4285 maneus,
524 4211 637 4273 horum
658 4211 796 4275 omnium
815 4215 1008 4294 exspectabo
1026 4217 1131 4279 finem.
1169 4217 1232 4281 Dic

214 4310 292 4397 quid
322 4306 698 4452 legati2reverendissimi
730 4313 914 4417 expediant,
953 4315 1074 4402 quidve
1099 4336 1231 4399 speran-

214 4410 287 4482 dum
307 4411 348 4473 de
367 4429 434 4474 crs.
