2624 5108
146 828 216 905 378
535 800 761 922 ¹Triumphus

144 1018 235 1091 leque
253 1017 294 1073 tui
312 1016 445 1087 similes,
467 1016 493 1073 oi
510 1016 580 1089 quid
597 1016 781 1084 emoreris,
797 1030 860 1071 uno

143 1111 231 1168 Mille
249 1111 297 1171 uie
313 1127 420 1166 versus
437 1111 561 1166 faceret.
596 1110 647 1166 Tu
663 1117 694 1164 to
708 1124 784 1183 ‘esse
801 1118 921 1181 poetam

143 1204 178 1261 Iu
197 1204 311 1278 populo
325 1205 445 1274 jactas?
464 1202 533 1273 quia
550 1218 612 1274 quo
629 1210 659 1257 te
679 1200 791 1257 insanie
810 1200 908 1271 ducit,

142 1296 210 1351 Huc
228 1305 314 1368 potes
333 1300 473 1352 emuncto
492 1295 627 1368 pituitam
642 1294 761 1350 mittere
781 1310 867 1350 naso.

144 1391 272 1445 Carmen
292 1390 330 1443 ait
347 1387 467 1454 scribo,
490 1385 587 1442 dicem
605 1386 809 1444 indoctissimo
827 1402 948 1441 cannen
958 1423 968 1453 ,

143 1481 234 1556 Quod
254 1496 347 1553 pecus
367 1479 522 1547 Arcadio,
541 1496 653 1551 pecora
672 1480 749 1537 inter
766 1480 872 1535 inertie
890 1481 994 1538 rudit?

142 1572 181 1628 Et
198 1573 280 1642 quod
300 1582 396 1626 cantat
413 1570 533 1645 Epope,
553 1580 583 1627 et
601 1575 684 1645 quod
702 1573 802 1629 ferulis
820 1572 857 1627 ab
875 1574 935 1628 alto

141 1665 265 1723 Nuntiat
284 1664 487 1736 Ascalaphus,
505 1665 558 1721 tibi
576 1682 638 1722 non
655 1667 778 1722 rudiore
795 1666 936 1721 Minerva

141 1759 176 1814 Iu
194 1758 300 1828 Sycula
317 1759 525 1830 Polyphemus
543 1774 618 1831 nque
636 1759 820 1815 contendere
843 1766 957 1830 posset.

143 1851 218 1925 Que
237 1869 306 1906 eum
325 1852 363 1907 its
383 1852 458 1921 sint,
478 1869 534 1909 eur
550 1859 582 1906 tu
600 1850 786 1924 capnionem
804 1851 945 1905 invadere
966 1852 1080 1921 mavis,

142 1944 241 2019 Quem
263 1947 363 1999 furere
382 1946 436 2000 iste
454 1945 555 2012 domi,
574 1952 603 1999 et
621 1953 722 2001 tecum
740 1944 869 1999 insanire
887 1947 1051 2001 seorsum?

140 2040 189 2095 Au
208 2040 285 2111 potis
306 2055 339 2093 es
357 2041 458 2092 furere
475 2038 558 2092 hunc
578 2039 654 2092 intra
672 2036 819 2093 conclave
837 2036 997 2092 furorem?

141 2131 215 2188 Non
233 2149 300 2187 sum
324 2131 378 2199 ait,
398 2146 510 2185 exerce
526 2130 646 2185 miseris
665 2128 818 2185 latratibus
838 2145 911 2197 ergo

141 2223 182 2281 Et
198 2225 328 2294 linguam
348 2233 378 2279 et
394 2224 519 2292 dentes,
538 2230 568 2276 et
586 2240 651 2294 que
669 2222 721 2276 tibi
742 2221 881 2293 plumbeo
900 2237 977 2274 vene
994 2229 1060 2289 est,

141 2318 228 2374 Aede
247 2319 374 2388 iterum,
393 2318 485 2373 ecrite
502 2317 606 2383 neres,
626 2317 712 2382 ture,
732 2314 868 2385 corripe,
887 2315 1015 2381 morde,

103 2422 109 2429 '
141 2413 182 2465 At
200 2412 224 2466 si
243 2429 333 2482 quem
353 2410 459 2483 punire
477 2410 576 2467 stetim
595 2409 641 2480 pie
658 2408 778 2461 numine
797 2407 926 2474 vellent,

143 2504 220 2557 Cum
239 2504 357 2572 tabule,
381 2501 537 2575 capsisque
555 2501 634 2569 tuis,
653 2503 835 2573 pluteoque‚
853 2499 998 2571 librisque

142 2596 323 2651 Ambustum
343 2597 494 2663 fecerent,
514 2597 648 2668 collapso
668 2595 798 2664 desuper
816 2593 893 2661 igni,

143 2688 273 2759 Aspice,
292 2697 325 2742 ut
342 2689 493 2760 intorquet
511 2690 647 2755 vultum,
667 2688 835 2756 oculosque
853 2685 1006 2753 minaces,

142 2780 322 2852 Improbus,
342 2789 370 2834 ct
388 2781 493 2851 quaerit
510 2782 607 2835 furiali
626 2781 779 2836 offendere
799 2777 914 2833 circum

142 2872 263 2926 intuitu.
301 2862 392 2946 Quod
411 2873 435 2926 si
453 2873 553 2928 saluos
571 2890 628 2928 nos
647 2870 887 2936 essevolumus,

64 3008 70 3019 .
142 2964 247 3018 Lictor
268 2966 356 3030 ades,
375 2965 567 3036 frontemque
586 2966 658 3034 liga,
677 2980 715 3018 ne
733 2961 860 3017 fascinet
884 2978 1008 3032 omnoS,

143 3057 256 3110 invitus
274 3058 358 3113 saltet
376 3067 559 3113 concentum
577 3057 722 3114 OrtuInus
740 3056 775 3110 sd
793 3056 904 3126 istum,

143 3150 200 3206 Sed
219 3160 333 3218 gratum
354 3159 399 3205 est
415 3168 509 3213 uuum
525 3153 610 3218 hoe,
629 3150 775 3222 socioque
797 3149 957 3219 Tungsrus
975 3149 1025 3206 ille
1069 3134 1072 3140 ¹

144 3245 269 3314 Agmine
289 3243 467 3313 contigerit,
486 3252 592 3298 eontra
610 3240 772 3314 Captionis
789 3243 941 3298 honorem

142 3336 258 3392 Prtevin
277 3338 358 3408 quod
377 3337 485 3389 tulerat
502 3350 610 3401 magno
629 3334 738 3390 vexillo
756 3336 905 3402 tumultu,

143 3429 183 3483 Et
200 3427 276 3483 duee
295 3429 478 3495 Hogostrato
497 3426 684 3482 saeviebatur
707 3428 812 3482 ordine
831 3427 965 3497 primus,

145 3519 274 3573 Ortuino
292 3519 434 3590 perflante
453 3519 555 3575 tubam
565 3560 574 3588 ,
596 3520 749 3593 doctoque
766 3536 881 3576 sonoro

145 3614 223 3665 Aere
243 3611 323 3665 ciere
341 3611 443 3681 viros,
460 3611 654 3687 Martemque
672 3616 838 3671 accendere
858 3624 956 3671 cautu.

144 3706 244 3760 Ausus
261 3704 312 3760 hic
330 3705 360 3759 in
379 3704 532 3778 Capniona
549 3707 645 3762 libros
664 3710 878 3776 conscribere,
898 3707 1009 3781 passim

143 3797 243 3853 Edidit
260 3798 290 3852 in
308 3796 438 3869 famam,
455 3800 606 3872 relegiquo
625 3819 641 3858 a
662 3802 779 3858 Caesare
791 3801 891 3871 jussit.

145 3893 214 3948 oua
233 3891 332 3948 Caesar
348 3893 457 3962 hebet,
473 3903 560 3949 vacet
576 3893 623 3949 his
640 3903 674 3950 ut
691 3895 790 3966 inepte
810 3893 944 3953 libellis-2

145 3984 282 4043 Ulterius
295 3994 395 4040 tameo
413 3985 543 4054 insonis,
561 3986 770 4060 flammamque
788 3986 921 4043 minaris.

145 4076 235 4132 Erret
252 4080 353 4149 enim,
373 4081 565 4146 exclamans,
583 4079 738 4152 Cepnion,
758 4080 926 4151 iterumque
944 4079 1003 4149 tis,
1024 4091 1125 4152 emt,

145 4167 215 4226 Hoc
233 4170 285 4227 abs
303 4181 332 4227 te
352 4172 430 4240 dici,
450 4171 574 4244 ospitale
593 4183 639 4229 est
654 4174 815 4244 Tungere,
834 4190 904 4229 eum
921 4182 951 4228 te

146 4263 228 4322 Tota
247 4255 432 4332 errauerit,
453 4264 553 4318 cuncti
570 4265 740 4336 videamus,
758 4275 787 4321 st
806 4266 878 4322 illud

146 4357 344 4428 Propositum
365 4364 427 4425 est,
451 4364 485 4411 ut
501 4358 582 4411 fumo
599 4360 700 4431 operis
717 4369 747 4415 te
770 4362 906 4432 proferet
923 4357 1030 4428 hujus,

148 4450 245 4523 Atque
265 4450 312 4505 isti
331 4460 448 4506 certare
464 4449 532 4507 viro
550 4462 579 4507 to
589 4492 599 4521 ,
617 4461 771 4526 utcunque
789 4454 922 4520 feratur,
