2624 5108
188 906 265 979 toa·
423 898 466 975 In
490 898 678 975 Ulriehu'm
702 894 953 993 Wirtenberg.

184 1099 257 1162 rias.
303 1095 482 1162 Immortale
505 1104 595 1157 tirum
615 1093 732 1157 laetum
754 1099 819 1162 est,
850 1087 893 1148 ob
913 1084 1012 1168 idque
1034 1100 1153 1147 nomen
1170 1084 1207 1149 in
1274 1156 1277 1161 ,

186 1220 279 1262 omne
296 1218 397 1259 aevum
410 1194 632 1270 memorabile,
651 1194 720 1275 ipse
736 1203 942 1266 consecutus,
961 1189 1051 1272 quod
1065 1183 1205 1253 voluisti.

186 1299 273 1381 Quid
296 1297 425 1361 voluisti
447 1307 572 1369 autem,
601 1315 696 1379 quam
723 1292 918 1373 turpitudine
952 1287 1110 1372 insigniri.
1154 1288 1220 1363 Sic¹

185 1399 299 1463 lamam
320 1397 508 1481 quaesivisti,
533 1397 579 1461 sic
595 1398 641 1460 tui
657 1395 840 1460 memoriam
854 1392 1019 1467 affectasti,
1047 1389 1094 1453 sic
1111 1389 1209 1452 vitam

184 1497 370 1582 prolongari
388 1497 526 1578 placuit?
546 1497 729 1560 Scribeutur
745 1498 785 1560 de
800 1508 831 1558 te
849 1494 998 1587 carmina.
1037 1495 1209 1559 Texentur

184 1599 331 1665 historie.
371 1598 470 1679 Quod
487 1618 553 1681 quo
567 1597 666 1679 magis
681 1598 799 1662 saciant
811 1596 972 1671 homines,
991 1597 1210 1660 movebuntur

185 1696 422 1778 incomparabili
439 1696 503 1761 isto
526 1697 573 1760 tui
594 1698 688 1773 odio,
716 1709 828 1761 nostro
851 1697 981 1772 doloro,
1022 1706 1054 1760 et
1076 1698 1109 1773 ὓ)
1129 1702 1209 1762 cala-

185 1797 303 1869 mitate.
351 1800 454 1880 Quam
470 1800 588 1875 velles,
614 1798 641 1861 si
659 1810 690 1860 te
709 1799 808 1881 pudet
824 1797 888 1873 tui,
918 1819 986 1860 non
1000 1818 1075 1863 esse
1091 1798 1207 1865 literas.

185 1899 304 1982 Quanti
337 1921 477 1977 emeres,
516 1900 592 1963 nihil
619 1898 767 1963 didicisse
795 1917 856 1965 me,
915 1900 1104 1982 Quanquam
1132 1901 1209 1963 nibil

184 2003 262 2064 tanti
278 2013 342 2076 est,
367 2012 402 2063 ut
419 2011 452 2062 te
469 2000 596 2064 sceleris
613 1998 776 2081 poeniteat,
798 2019 836 2060 ac
848 1998 1001 2075 libenter,
1021 2011 1054 2061 et
1072 2022 1113 2063 ox
1128 2013 1207 2063 voto

184 2104 283 2164 malus
302 2121 347 2164 es.
397 2102 478 2164 Tam
496 2101 564 2164 fera
583 2113 636 2164 tua
661 2112 772 2163 natura
795 2111 860 2174 est,
888 2111 924 2161 ut
941 2120 1008 2183 quo
1027 2100 1207 2165 immortali-

184 2213 277 2267 tatem
299 2201 354 2262 tibi
375 2202 581 2276 conciliarcs,
613 2202 665 2263 vel
690 2202 809 2263 scelere
832 2199 974 2263 volueris
1000 2202 1100 2264 clarus
1124 2200 1206 2264 lieri.

183 2303 223 2367 Id
250 2304 340 2386 quod
368 2324 433 2365 nou
459 2302 625 2365 obscurius
652 2322 687 2364 es
714 2312 920 2376 consecutus,
956 2323 1051 2385 quam
1077 2302 1129 2366 ille
1151 2303 1207 2386 qui

185 2403 330 2484 Ephesia
353 2402 462 2466 Dianae
480 2404 629 2484 templum
647 2402 778 2465 exussit.
824 2403 855 2464 0
876 2403 1093 2468 detestabilem
1110 2403 1209 2488 igitur

185 2514 271 2566 tuam
299 2502 428 2569 vivendi
454 2502 731 2567 consuetudinem!
771 2524 791 2565 o
813 2503 954 2585 immane
985 2505 1207 2586 propositum!

187 2606 241 2667 'l'u
280 2603 325 2668 sic
361 2605 394 2666 iu
428 2605 510 2667 lama
547 2625 617 2667 esse
647 2603 770 2667 laboras
784 2604 806 2665 ἰ’-
851 2606 902 2667 Tu
935 2606 981 2667 sie
1009 2605 1206 2685 posteritatis

185 2705 367 2771 memoriam
408 2704 537 2783 captas?
593 2706 659 2767 Aut
700 2726 767 2767 uon
809 2705 919 2788 quavis
967 2704 1096 2767 fortuna
1140 2705 1207 2767 ani·

185 2828 267 2869 mam
310 2805 420 2880 simul,
476 2824 513 2864 ae
563 2804 608 2866 tui
655 2805 837 2872 memoriam
889 2805 1040 2868 deserere
1090 2805 1207 2882 mavis,

185 2918 221 2969 ut
239 2914 395 2986 perpetuo
422 2905 534 2977 lateas,
572 2924 666 2985 qnam
687 2904 871 2985 turpissimae
894 2905 1075 2988 ignominiae
1100 2919 1208 2989 patro-

185 3005 287 3077 cinio,
309 3001 396 3065 lamae
413 3003 655 3084 perpetuitatem
671 3006 834 3070 elucrari?
855 3008 933 3087 Quae
951 3003 1054 3086 major
1072 3007 1208 3073 amentia

184 3102 248 3166 dici
266 3101 394 3182 potest?
414 3105 492 3186 Quae
509 3103 696 3184 flagitiosior
712 3105 864 3169 vesania?
892 3108 945 3169 Tu
961 3109 1060 3171 elatus
1079 3108 1207 3170 fastidio

184 3215 218 3267 et
239 3204 269 3279 *l
290 3205 503 3280 contumacia,
543 3206 629 3273 omui
653 3206 807 3271 honestati
828 3227 955 3271 omnem
979 3208 1209 3290 turpitudinem

184 3306 387 3387 antepones?
417 3308 514 3388 Quod
536 3327 553 3368 a
573 3318 604 3367 te
625 3306 722 3388 igitur
742 3310 843 3371 scelus
862 3309 974 3370 abesse
992 3309 1124 3388 putem?
1154 3320 1209 3372 aut

184 3407 273 3489 quod
303 3418 366 3469 tam
401 3406 552 3478 immane,
596 3427 631 3465 ac
658 3410 868 3471 truculentum
904 3406 1026 3470 lacinus
1061 3409 1206 3482 credam,

185 3526 320 3587 quamve
335 3503 411 3570 mihi
423 3506 539 3586 fingam
559 3517 619 3568 tam
631 3507 888 3584 abominabilem,
909 3518 1038 3590 tamque
1052 3518 1204 3584 atrocem,

185 3625 221 3665 ac
239 3603 395 3684 perditam
419 3605 600 3683 audaciam,
635 3629 700 3691 quo
722 3622 756 3671 tu
779 3609 905 3693 ingredi
926 3607 1088 3674 verearis?
1119 3611 1203 3673 Pro-

184 3703 270 3765 fecto
293 3724 366 3764 cnm
383 3703 416 3766 iu
432 3705 485 3768 illo
507 3706 638 3791 ignaviae
656 3719 716 3772 tuae
736 3706 858 3775 clausus
880 3732 966 3774 esses
988 3731 1132 3786 carcere,
1167 3734 1203 3774 ac

184 3802 459 3883 circumspicerem
495 3829 558 3890 qua
590 3809 787 3888 potissimum
810 3810 862 3872 via
886 3812 920 3873 iu
944 3815 1048 3875 lucem
1069 3813 1205 3895 aliquam

185 3922 387 3985 erumperes,
416 3905 448 3967 id
472 3907 619 3974 invenisti
639 3912 825 3986 consilium,
857 3922 892 3973 ut
913 3933 970 3992 per
989 3913 1206 3976 crudelitatem

185 4001 306 4080 exires,
354 4027 390 4066 ac
416 4008 469 4069 has
502 4011 656 4072 educeres
682 4023 785 4075 tecum
823 4011 969 4090 comites,
1005 4014 1204 4096 superbiam,

184 4102 457 4185 ingratitudinem,
488 4110 708 4187 homicidium,
745 4113 927 4193 perlidiam,
967 4114 1204 4195 proditionem,

183 4206 304 4281 scelus,
324 4220 356 4268 et
371 4208 403 4269 id
419 4230 521 4289 geraus
536 4211 711 4288 horrenda,
732 4233 768 4275 ac
792 4214 1044 4293 pertimescibilia
1067 4218 1204 4278 humano

182 4305 296 4381 gent-ri
318 4320 466 4379 monstra.
516 4311 608 4379 Harae
632 4314 780 4394 aperuisti
801 4316 932 4397 primam
957 4315 1205 4396 cogitationibus

182 4446 377 4470 ⁸*-

215 4529 245 4589 a)
267 4551 311 4596 ee,
330 4558 364 4592 ιο,
399 4540 444 4605 υ)
463 4558 503 4609 η,
521 4565 554 4600 at.
