2842 4738
275 449 347 522 toa
577 445 776 541 Pasquillus
801 449 997 524 Marranus

274 642 383 705 nescio
410 651 453 704 ex'
479 657 550 722 quo
569 641 713 725 engrrlo,
743 652 840 726 atque
860 643 959 706 Belial
979 642 1188 707 conciliabulo
1213 643 1312 708 mira·

274 741 371 805 bilem
395 742 722 806 antichristianismum
745 764 803 824 per
831 748 976 825 exempla
1002 744 1172 809 reverendi
1198 745 1309 809 fratris

272 849 516 920 Dormisecure‚
548 845 699 907 Doctoris
720 851 1106 918 JoatmisDr'udor-mtrir',
1132 847 1164 908 d.
1189 857 1308 927 Anqu-

272 952 352 1011 str'm'
369 943 645 1026 queretrunclierii
659 947 758 1025 vulgo
776 945 947 1006 inculcatis.
974 945 1004 1006 Ο
1025 943 1311 1016 dominc'Alueldr‘,

272 1043 398 1126 respice
419 1067 485 1128 quo
506 1056 617 1124 pacto,
638 1057 745 1107 restro
761 1044 880 1108 auxilio
898 1045 1036 1107 Romani
1053 1047 1307 1108 obscuraverunt

272 1165 389 1208 surum
409 1146 442 1208 in
463 1145 649 1222 Germanis,
676 1159 709 1207 et
728 1146 825 1210 isthac
850 1145 906 1206 ubi
925 1145 1013 1224 priris
1032 1145 1089 1206 vix
1108 1145 1165 1208 uni
1185 1145 1306 1208 homini
1342 1163 1344 1168 ’

269 1265 330 1328 per
347 1248 444 1325 Alpes
465 1247 518 1308 vis
536 1249 652 1326 patuit,
673 1248 815 1331 integros
833 1247 1007 1309 Germania
1026 1258 1149 1310 montes
1169 1249 1305 1308 Romam

270 1349 514 1424 transtulerum,
534 1369 594 1429 pro
611 1349 728 1432 quihus
745 1347 895 1410 omnibus
911 1347 1100 1410 callidissimi
1113 1358 1304 1409 mercatores
1337 1371 1341 1378 ’

269 1448 470 1531 reliquerunt
497 1451 591 1514 nobis
611 1448 842 1534 quinquaginta
862 1449 958 1510 millia
977 1451 1115 1529 plaustra
1135 1448 1301 1528 indulgen·

268 1549 401 1626 riarum,
432 1551 547 1627 bullas,
578 1549 707 1625 brevia,
737 1545 874 1623 indulta,
903 1549 1125 1624 instrumenta,
1147 1545 1179 1609 el
1206 1551 1303 1610 multa

272 1649 395 1714 similia.
434 1650 540 1727 Vide,
570 1671 665 1733 quam
688 1650 824 1732 dispersi
848 1661 937 1713 erant
956 1671 1015 1732 per
1036 1649 1216 1713 universam
1237 1652 1305 1711 Eu·

267 1771 403 1833 ropam,
449 1753 490 1814 ad
521 1752 744 1833 emungendos
777 1772 954 1833 pauperum
988 1752 1145 1825 sudores,
1186 1751 1303 1811 Ronla-

268 1853 414 1916 nensium
435 1851 615 1927 Curtisani,
636 1853 814 1927 stabularii,
833 1853 1006 1926 muliones,
1036 1870 1209 1932 agasones,
1232 1857 1303 1912 ‘Sil-

269 1967 462 2026 vestrenses,
488 1958 672 2024 Ecoienses,
702 1959 868 2026 cajetani,
903 1959 1113 2028 Capricorni,
1153 1953 1247 2034 alque
1268 1949 1302 2010 id

269 2069 371 2133 genus
398 2048 611 2122 crabronum,
649 2069 789 2131 quorum
815 2069 942 2111 causam
970 2061 1005 2111 tu
1033 2050 1164 2132 egregie
1191 2051 1301 2112 tueris.

268 2150 350 2214 Mihi
370 2161 477 2212 tamen
504 2151 603 2212 nolim
630 2151 723 2212 talem
747 2161 934 2231 patronum,
968 2149 995 2212 si
1020 2154 1073 2211 vel
1100 2151 1141 2213 de
1163 2153 1300 2212 laneca·
1407 2223 1408 2226 Ἴ

268 2253 359 2332 prins
386 2273 438 2315 res
467 2263 628 2333 ageretur.
680 2251 718 2314 0
738 2271 823 2312 nunc
848 2250 953 2312 felicia
981 2261 1143 2332 temporo,
1185 2250 1300 2333 quibus

269 2352 386 2414 veritas
416 2351 546 2413 Domitii
581 2351 699 2425 eluxit,
736 2348 846 2414 'etiam'
868 2350 966 2433 quasi·
993 2373 1086 2413 ursus
1124 2352 1157 2413 in
1193 2363 1301 2414 catena

267 2453 393 2514 vinctus
430 2451 585 2532 ringens.
641 2451 774 2531 Sapiunt
805 2451 868 2528 jam
906 2451 999 2513 vobis
1037 2452 1182 2514 omnibus
1216 2451 1299 2514 reni·

268 2554 408 2617 tentibus
433 2552 560 2626 mistici,
591 2553 695 2626 cives,
727 2552 862 2624 milites,
892 2552 1045 2627 comites,
1072 2553 1186 2627 duces,
1213 2536 1297 2634 prin·

269 2653 355 2734 cipes
384 2665 415 2716 et
441 2671 536 2732 reges
565 2664 745 2735 agnoscunt
771 2663 802 2712 et
829 2653 1072 2730 deprehendunt
1098 2666 1218 2717 vestras
1242 2653 1298 2714 im·

268 2765 415 2836 posturas
435 2765 467 2814 et
486 2753 622 2816 offutias.
662 2756 813 2834 Agnosce
832 2763 917 2814 tuam
932 2751 1145 2816 infelicitatem
1162 2757 1193 2815 in
1212 2755 1299 2836 virga

266 2854 494 2936 indignationis
515 2865 586 2915 tuae.
625 2853 730 2928 Vide,
752 2873 847 2934 qrram
865 2852 1035 2916 infeliciter
1056 2875 1128 2916 cum
1147 2856 1297 2934 pediculis

267 2956 357 3019 domi
377 2954 566 3026 certaveris,
599 2963 631 3014 ct
658 2973 752 3035 quam
775 2954 854 3016 mari
881 2955 962 3016 malo
989 2953 1071 3017 filius
1097 2955 1297 3017 tenebrarum

265 3058 300 3118 in
319 3058 423 3116 lucem
444 3051 613 3134 prodieris.
659 3053 750 3114 Vivit
769 3056 853 3117 enirn
871 3056 1009 3131 veritas,
1034 3069 1078 3118 .tu
1104 3066 1206 3118 atncm
1231 3077 1300 3137 per·

266 3153 407 3220 manebis
436 3173 494 3235 per
526 3153 632 3216 omnia
663 3157 776 3217 saecula
807 3158 995 3220 saeculorum
1022 3157 1301 3220 alveldianissimus

266 3258 450 3333 Aveldius,
487 3265 519 3316 ct
545 3267 653 3319 vestra
681 3259 773 3320 sedes
802 3258 974 3340 apostolica
1003 3279 1087 3320 nunc
1119 3269 1151 3321 ct
1176 3277 1301 3338 semper

268 3353 405 3419 ficulnea
423 3357 579 3419 materies.
614 3361 721 3439 Quare
738 3359 799 3420 nisi
813 3359 845 3420 in
860 3371 1048 3439 perpetuum
1062 3357 1107 3420 lui
1125 3358 1241 3420 oblitus
1254 3377 1298 3433 es,

266 3456 331 3544 jam
358 3460 470 3537 agnita
501 3461 626 3523 veritati
655 3461 752 3535 cede,
796 3479 856 3521 nec
882 3460 915 3521 in
945 3459 1144 3542 longitudine
1177 3459 1299 3521 dierum

264 3559 378 3624 insani.
418 3561 583 3622 Erubesce
611 3561 703 3623 simul
731 3581 803 3622 cum
831 3572 888 3620 tuo
917 3561 1094 3638 Evangelio
1126 3581 1167 3622 ex
1193 3561 1298 3621 cloaca

230 3649 231 3652 ¹
266 3662 505 3724 Monachormn
532 3661 652 3736 ascito;
686 3659 788 3740 objice
814 3660 952 3720 frontem
973 3660 1157 3722 meretricis.
1196 3661 1238 3720 Et
1262 3669 1297 3720 ut

265 3761 322 3822 tibi
345 3773 430 3824 tuam
450 3762 639 3824 dementiam
660 3759 804 3824 Christus
816 3757 984 3839 ignoscat,
1013 3762 1092 3822 hanc
1112 3753 1296 3822 cantilenam

264 3873 340 3944 post
357 3873 432 3923 octo
452 3881 565 3925 versus
581 3865 618 3918 S.
633 3865 796 3919 Bernarcli
814 3879 873 3939 pro
892 3858 1050 3935 Collecta,
1069 3863 1121 3922 vel
1141 3860 1180 3921 ad
1197 3860 1296 3921 ravim
1329 3873 1332 3878 '

265 3983 370 4045 usque
405 3983 506 4024 cane:
547 3961 705 4022 Miserere
735 3960 818 4034 mei,
854 3961 958 4035 Deus,
998 3961 1073 4044 quia
1099 3960 1299 4024 conculcavit

266 4083 317 4126 mc
334 4065 448 4139 homo,
470 4073 501 4126 et
519 4061 621 4124 lactus
639 4081 709 4136 sunt
721 4059 803 4124 sicut
819 4061 923 4136 asinus
940 4072 972 4124 et
988 4065 1108 4139 auidus,
1129 4060 1295 4145 inquibus
