2624 5108
152 871 216 975 100
391 862 434 934 In
458 861 641 936 Ulrichum
666 865 915 967 Wirtcnberg.

148 1059 341 1134 ostenderit,
377 1058 403 1121 si
424 1075 520 1141 quem
536 1054 610 1118 huic
633 1055 782 1121 custodiae
805 1056 926 1120 exitum
947 1059 1162 1140 perspexerit,

146 1169 287 1235 erectus,
317 1157 440 1234 audax,
467 1169 499 1218 ct
516 1155 546 1232 ⁰)
564 1156 746 1232 confidens,
774 1176 833 1219 vos
846 1168 1043 1235 contemnet,
1068 1159 1161 1223 nobis

146 1260 323 1333 insultabit,
353 1256 472 1339 optimo
500 1255 615 1337 cuique
640 1255 812 1337 perniciem
834 1256 1044 1346 meditabitur.
1087 1260 1164 1322 Non

145 1359 222 1421 tanti
255 1358 329 1420 lacit
364 1357 521 1433 dedecus,
560 1365 596 1416 ut
624 1355 685 1417 hoc
714 1365 816 1417 morte
849 1369 1042 1420 commutare
1077 1357 1165 1423 velit.
1228 1425 1232 1434 ,

144 1460 259 1542 Neque
292 1457 319 1519 si
348 1476 390 1517 ex
419 1457 481 1527 hoc
516 1472 642 1516 carcere
670 1457 793 1531 evolet,
832 1458 930 1521 ullum
958 1469 1071 1538 postea
1102 1472 1166 1525 tam

144 1556 346 1640 profligatum
363 1552 423 1615 erit
442 1553 552 1628 nefas,
579 1554 632 1616 cui
653 1574 770 1618 senon
791 1555 955 1640 accingere
969 1558 1100 1636 audeat,
1129 1573 1166 1623 ut

145 1658 201 1741 qui
228 1655 305 1719 nihil
337 1654 448 1730 habet,
494 1654 583 1736 quod
612 1654 653 1717 de
683 1654 914 1718 existimatione
946 1659 1058 1738 perdat
1097 1683 1166 1725 sua.

146 1756 228 1836 Ouia
261 1755 345 1818 enim
378 1755 501 1839 qllantis
528 1776 562 1819 se
602 1753 725 1838 llagitiis
763 1757 1013 1834 commacultrit,
1055 1760 1163 1839 videt,

143 1855 235 1918 facilc
271 1854 305 1916 in
333 1873 442 1918 omnes
469 1876 505 1917 se
533 1853 668 1937 reliquas
696 1855 807 1918 sordes
839 1853 960 1936 abjicit,
995 1857 1030 1918 in
1068 1880 1163 1924 omno

144 1956 283 2018 dedecus
303 1952 476 2034 provolvit.
512 1954 592 2016 Nam
615 1965 650 2016 ut
675 1953 823 2030 videatis,
855 1977 918 2039 qua
932 1954 1056 2020 ratione
1073 1960 1161 2023 lacit.

143 2056 214 2118 lime
245 2064 358 2136 peccet
383 2053 458 2128 iste,
495 2054 611 2115 nullam
632 2064 702 2115 ante
726 2055 854 2136 collegit
883 2056 999 2119 bonam
1031 2059 1163 2138 lainam,

141 2156 258 2217 nullam
285 2152 319 2215 in
345 2152 495 2215 futurum.
522 2151 713 2215 claritudinis
732 2154 823 2215 bonae
846 2176 933 2238 spem
958 2160 1161 2243 presumpsit.

142 2255 255 2337 ltaque
273 2274 332 2316 nec
351 2252 469 2315 amittet
485 2244 668 2336 quicquam,
689 2251 715 2315 si
732 2252 827 2315 vitam
842 2265 963 2333 teneat,
982 2276 1042 2320 nec
1054 2258 1163 2322 existi-

141 2353 287 2417 mationis
323 2352 446 2415 tuendae
483 2372 595 2429 causa,
643 2363 698 2415 tut
727 2352 885 2417 dimicabit
911 2376 1066 2439 unquam,
1109 2371 1162 2422 aut

141 2473 337 2538 magnopere
357 2452 507 2515 sollicitus
529 2464 587 2516 cst.
627 2450 793 2534 Concepto
819 2457 913 2517 semel
940 2475 982 2517 ex
1005 2461 1162 2523 maleficiis

141 2554 253 2617 lurore
283 2555 379 2616 homo
409 2572 563 2637 nequam,
591 2551 770 2632 improbus,
817 2553 936 2635 turpis,
979 2556 1160 2639 impudens,

142 2665 253 2730 atrox,
277 2653 439 2728 immonis,
466 2652 612 2716 omnibus
632 2653 756 2733 probris
776 2654 1019 2737 contaminatus,
1040 2661 1161 2721 anrrllo

141 2766 253 2836 postea
296 2754 449 2817 malclicio
479 2753 669 2816 abhorrebit.
733 2755 909 2833 „Quorsum
939 2755 1045 2819 hacc?“
1065 2799 1104 2811 -
1124 2771 1161 2822 ut

141 2852 339 2936 intelligatis,
359 2874 426 2915 non
440 2852 508 2914 sine
525 2852 683 2915 communi
699 2853 805 2935 aliquo
824 2850 967 2932 periculo
982 2852 1160 2932 elapsurum

139 2953 246 3015 istum.
285 2953 392 3032 Quare
416 2951 450 3013 in
472 2953 530 3014 hac
548 2952 747 3014 accusatione
774 2951 851 3015 illud
871 2972 930 3014 nos
957 2971 1053 3035 agere
1071 2962 1160 3032 puta-

140 3051 232 3127 bitis,
272 3051 361 3135 quod
389 3051 438 3126 hi,
480 3051 536 3133 qui
563 3074 604 3114 ex
631 3050 736 3132 aliquo
765 3052 881 3128 atroci,
914 3072 949 3113 ac
980 3049 1160 3113 vehementi

110 3224 113 3229 p
140 3150 310 3234 naufragio
340 3149 452 3234 ejecti,
493 3173 574 3235 quos
600 3152 747 3232 scopulos
774 3149 914 3234 fugiant,
939 3167 1028 3235 'quas
1059 3162 1158 3229 syrtes

141 3251 301 3328 devitent,
328 3251 531 3335 navigaturos
551 3252 645 3326 olios,
673 3261 813 3312 mouent.
855 3253 922 3314 Nos
941 3252 1025 3315 enim
1043 3270 1158 3331 magno

140 3351 204 3434 jam
224 3352 384 3434 perfuncti
405 3352 566 3432 periculo,
597 3350 709 3413 amisso
732 3372 791 3427 eo,
818 3352 907 3432 quod
924 3370 1069 3431 reparare
1091 3370 1158 3410 non

140 3452 228 3527 licet,
268 3474 309 3514 ex
332 3451 389 3512 ista
422 3449 591 3529 jactatione
619 3449 785 3513 consilium
809 3449 901 3511 vobis
933 3451 1060 3523 damus,
1096 3468 1158 3507 vos

141 3550 293 3612 certiores
316 3549 465 3624 iacimus,
498 3560 533 3612 ut
554 3561 664 3613 nostro
685 3551 765 3611 malo
786 3549 869 3611 cauti
892 3549 969 3611 sitis.
1005 3546 1156 3609 Nondum

140 3649 220 3713 certi
255 3649 373 3732 aliquid
416 3649 525 3725 habet3
573 3662 680 3712 curate
721 3670 763 3711 ne
803 3649 961 3712 inveniat!
1005 3648 1157 3710 Nondum

93 3762 95 3766 ’
140 3748 339 3813 confirmavit
356 3770 446 3824 sese;
465 3749 625 3814 incautum
641 3751 810 3831 occupate!
832 3747 870 3810 ln
887 3749 1016 3812 foveam
1030 3746 1155 3822 incidit,

140 3848 287 3912 obruite!
340 3850 465 3931 Legum
492 3870 528 3912 ac
553 3848 745 3932 judiciorum
776 3851 890 3932 laqueo
919 3848 1058 3911 irretitus
1090 3855 1153 3920 est,

140 3950 290 4013 retinete!
320 3949 487 4030 Jugulate!
520 3952 569 4013 Nc
586 3949 679 4012 sinite
700 3948 864 4031 explicari!
894 3948 943 4011 Ne
967 3948 1038 4010 date
1057 3943 1155 4025 respi-

140 4050 247 4125 randi,
277 4061 331 4111 aut
360 4049 528 4131 colligendi
556 4069 625 4111 sese
655 4053 797 4132 tempus!
837 4047 887 4110 Ne
913 4050 996 4110 ultro
1024 4048 1153 4121 offerte,

140 4150 229 4234 quod
253 4147 311 4211 iste
333 4170 374 4212 ne
392 4170 519 4229 sperare
544 4147 673 4231 quidem
691 4150 803 4211 audet!
837 4147 888 4210 Sic
910 4147 1063 4211 confusus
1085 4165 1154 4208 non

139 4261 244 4331 potest
265 4249 348 4310 aliud
373 4257 512 4310 vestrum
537 4248 576 4309 de
601 4268 635 4308 se
657 4249 810 4326 judicium
834 4260 1017 4328 expectare,
1058 4266 1154 4329 quam

139 4371 270 4412 suorum
288 4345 461 4429 experitur.
509 4348 576 4413 Nec
592 4335 704 4411 leniter
729 4367 747 4409 a
765 4349 856 4413 vobis
881 4348 1007 4411 tractari
1024 4357 1150 4429 sperat,

174 4498 204 4566 ·)
222 4516 246 4552 rt
256 4540 265 4566 ,
284 4518 318 4552 as.
