2810 4722
235 417 278 488 so
473 409 518 496 lo
540 409 727 494 orntum
750 359 1000 512 wirtenbergss

234 603 351 679 Suevi,
378 603 624 684 imprudentium
642 613 701 672 est.
739 604 807 671 Nos
827 604 913 677 euim
927 623 995 674 non
1011 613 1122 674 eontra
1137 613 1258 669 vesum

235 704 378 774 fortunas
398 725 483 771 anna
500 703 575 770 huie
594 703 895 780 administravimus,
920 705 978 768 sed
998 715 1035 769 ut
1054 721 1260 784 componere-

237 825 308 869 mus
347 804 560 886 periculosum
598 803 773 876 Germanias
809 815 942 876 motum,
1005 805 1049 872 Et
1084 805 1146 876 hoe
1175 813 1262 866 certe

239 916 393 989 quantum
425 923 483 986 per
513 925 573 970 nos
609 905 681 974 lieri
711 905 830 986 potuit,
870 903 938 990 sine
964 904 1105 976 omniunt
1137 901 1261 986 injurie.

241 1008 319 1086 Quae
341 1005 498 1080 insecuta,
522 1025 589 1072 non
608 1016 723 1076 nostre
742 1001 980 1082 misericordie,
1011 1005 1069 1074 sed
1087 1003 1170 1074 illius
1190 1025 1262 1086 per·

240 1104 398 1177 versitatis
429 1095 524 1176 sunt.
586 1104 751 1186 suppetias
785 1103 930 1182 tulimus,
975 1124 1069 1170 omne
1104 1103 1264 1179 divinum,

154 1271 158 1278 Δ
239 1217 338 1289 atque
365 1207 534 1274 humanum
553 1205 732 1286 imploranti
756 1204 926 1285 auxilium,
957 1204 1078 1290 optimo
1098 1204 1155 1274 ¹sed
1175 1205 1264 1289 quod

199 1305 208 1314 ”
240 1309 321 1370 mele
358 1305 453 1378 cessit
483 1305 659 1392 proposito.
710 1307 754 1370 At
781 1303 873 1385 eujus
898 1303 999 1389 agite,
1030 1302 1143 1388 majori
1170 1325 1265 1388 quam

241 1417 356 1471 nostro
376 1406 428 1470 hio
446 1407 529 1472 malo
549 1406 779 1498 servatussest?
816 1410 868 1478 ua
883 1407 1017 1482 eaedem,
1038 1417 1070 1468 ot
1089 1403 1266 1481 orbitatem,

227 1510 334 1593 ,quod
359 1507 517 1584 reddidit,
534 1540 537 1546 ·
553 1507 774 1580 liberatoribus
800 1507 884 1586 suis,
919 1505 1091 1590 premium.
1140 1505 1268 1578 Utinam

243 1609 477 1692 quievissemus
504 1609 628 1691 potius,
668 1629 762 1694 quum
791 1607 876 1672 istud
899 1608 992 1674 nobis
1020 1607 1161 1673 omnium
1179 1607 1268 1670 bono

245 1695 510 1778 conciliassemus'
528 1712 652 1792 mulum.
691 1708 789 1774 Certe
814 1707 898 1779 ertint
925 1729 963 1772 ea
989 1707 1074 1776 illum
1100 1708 1269 1800 impunitis

245 1810 285 1871 sd
311 1809 461 1882 uberiora
485 1811 696 1891 perpetranda
721 1811 841 1878 seelera
864 1808 1007 1879 munivit.
1056 1810 1165 1894 Atque
1191 1806 1267 1872 hino

244 1907 307 1999 sibi
332 1911 455 1990 putavit
481 1911 521 1974 od
551 1909 744 1998 turpissima,
786 1908 1020 1994 foedissimaque
1047 1909 1153 1972 omnis
1183 1919 1270 1992 pste-

248 2007 368 2078 iaetum
396 2009 525 2082 aditum,
564 2011 674 2082 Statim
699 2009 801 2086 enim,
834 2010 931 2074 utin
956 2010 1204 2084 dominationem
1224 2020 1272 2072 est

249 2109 432 2187 restitutus,
461 2111 584 2201 aperuit
605 2132 695 2188 sese,
723 2122 826 2183 vostre
845 2112 931 2184 bona
949 2111 1126 2194 diripiens,
1152 2120 1272 2180 vestras

247 2210 392 2276 tornines
407 2213 564 2298 affligens,
586 2212 716 2286 aedilicia
728 2211 918 2290 demoliens,
942 2210 1044 2273 bonos
1060 2209 1145 2272 cives
1159 2207 1273 2290 partim

248 2312 367 2389 exilio,
398 2313 511 2393 partim
543 2333 622 2381 nsoe
649 2313 801 2397 puniens,
836 2331 895 2402 per
926 2309 1105 2385 universam
1131 2308 1273 2392 denique

248 2423 364 2474 terrum
376 2413 461 2482 carole
473 2433 509 2474 ac
521 2412 629 2492 rapina
641 2414 783 2488 saeviens.
821 2412 914 2480 Adeo
928 2409 1070 2484 omniunt
1082 2407 1270 2501 opinionem

250 2509 425 2585 fefellerat,
455 2509 630 2580 simulatum
650 2535 686 2576 oo
704 2512 929 2582 dissimulatum
947 2512 1075 2594 pessimi
1094 2510 1270 2592 ingenium.

251 2611 289 2675 ld
309 2611 398 2693 quod
422 2631 487 2674 non
513 2633 623 2693 parurn
650 2615 689 2676 ed
713 2612 808 2696 liujus
832 2612 1062 2686 damnationem
1092 2611 1272 2678 additurum

252 2721 341 2793 puto.
380 2712 451 2784 lam
480 2713 564 2784 enim
591 2713 736 2788 dubitare
763 2712 930 2782 Germuiie
956 2732 1024 2776 non
1041 2722 1164 2795 potest,
1197 2710 1275 2796 quid

252 2811 293 2874 de
313 2812 459 2888 homine,
492 2813 520 2886 si
546 2835 587 2878 ex
616 2817 677 2884 hoo
703 2811 824 2896 judicio
849 2813 1016 2882 incolumis
1044 2813 1103 2893 sit,
1134 2810 1276 2896 polliceri

252 2913 313 2974 sibi
340 2914 463 2985 debeat.
508 2917 650 2994 Experto
677 2924 743 2998 est,
780 2925 931 3000 quomvun
957 2934 993 2976 se
1019 2915 1071 2977 liic
1094 2913 1277 2986 continere,

254 3023 410 3096 quotenus
435 3032 470 3074 se
495 3015 638 3095 lingere,
669 3035 757 3088 suam
782 3025 926 3086 naturam
951 3013 1146 3084 dissimulare
1166 3011 1276 3094 possit.

256 3113 354 3189 Quod
374 3111 449 3193 quia
468 3112 585 3177 diutius
605 3133 670 3183 non
683 3113 803 3198 potuit,
826 3126 858 3176 et
876 3114 925 3188 sio¹
935 3113 1056 3196 erupit,
1077 3124 1113 3177 ut
1128 3133 1147 3174 a
1161 3112 1278 3198 quibus

256 3219 304 3270 tot
322 3220 472 3293 tantaque
491 3210 645 3278 beneficia
666 3214 803 3294 aceepit,
830 3216 939 3286 ineos
959 3215 1096 3296 primum
1114 3224 1280 3283 evomeret

257 3309 433 3378 acerbitatis
458 3333 521 3374 suae
549 3334 726 3395 venenum,
760 3316 835 3390 nihil
863 3337 931 3380 non
957 3337 1108 3387 ausurum
1127 3316 1160 3382 in
1185 3315 1279 3380 elium

173 3451 176 3464 ·
260 3429 451 3492 quemquem
481 3425 579 3495 putat.
636 3418 699 3480 llio
727 3419 758 3495 s)
784 3415 919 3488 furentis
956 3436 1084 3482 cursum
1119 3413 1279 3494 impediet.

259 3510 322 3573 Hic
344 3513 393 3590 Μ)
415 3527 536 3594 pestem
553 3512 728 3599 publicani,
761 3537 927 3582 commune
947 3515 1096 3589 exitium,
1117 3515 1224 3596 legum
1243 3533 1281 3572 ae

260 3610 340 3693 juris
368 3615 567 3690 eversionem
595 3617 700 3694 sistet,
739 3629 878 3695 evertet,
916 3637 952 3678 ae
981 3616 1157 3698 extinguet,
1207 3613 1282 3674 Nou

261 3711 342 3776 sinet
352 3715 414 3784 hoo
426 3715 557 3786 ulterius
568 3715 728 3798 prolieisoi
740 3720 929 3798 exemplum.
956 3714 1110 3780 Consulet
1122 3713 1263 3776 moribus
1275 3755 1284 3785 ,

263 3811 401 3886 servabit
423 3815 530 3897 leges,
593 3813 728 3879 Mirdme
763 3820 851 3881 volet
896 3829 1078 3882 exterarum
1120 3813 1284 3878 nationum

267 3957 460 3977 u*-

300 4041 330 4104 ⁸)
346 4053 470 4111 umus.
505 4043 551 4106 t⁴)
567 4055 628 4116 ute,
646 4055 691 4102 us.
