2624 5108
197 843 269 920 654
377 841 505 915 Oratio
532 842 582 914 de
605 863 680 914 non
706 840 834 914 dandis
859 839 1032 915 Decimis.

192 1035 400 1116 ¹scripserunt.
444 1032 549 1096 Nolite
576 1031 667 1095 alicui
696 1052 765 1094 csse
791 1022 978 1116 vectigeles,
1012 1043 1083 1095 ante
1104 1051 1214 1096 omues

196 1157 275 1200 vero
296 1132 495 1198 Florentinis.
532 1132 702 1196 Proiersn't
720 1153 755 1196 se
781 1133 816 1196 in
841 1131 993 1215 judicium
1012 1132 1111 1195 nostri
1130 1132 1214 1213 epis-

198 1235 289 1318 copi,
312 1234 476 1308 indignum
494 1233 653 1299 servitutis
680 1232 827 1317 juguma
852 1232 1029 1297 cervicibus
1050 1233 1115 1296 suis
1135 1231 1214 1310 abji-

198 1332 326 1399 cientes.
365 1335 428 1398 Sed
448 1346 597 1397 verentur
619 1354 743 1410 omnes,
770 1335 932 1399 mussitant
951 1335 1093 1419 quidem,
1125 1335 1214 1415 quod

197 1435 304 1501 dicere
322 1456 387 1496 non
407 1434 599 1506 didicerunt3
627 1432 678 1496 olii
697 1447 782 1498 metu
806 1435 961 1510 fulminis,
988 1432 1130 1497 nonnulli
1157 1455 1215 1515 spe

121 1540 127 1547 '
197 1535 274 1598 novi
292 1535 433 1598 honoris.
470 1535 558 1596 Unus
573 1534 713 1597 omnium
730 1535 805 1599 mihi
820 1530 1007 1599 venerabilis
1020 1535 1215 1598 Laurentius

197 1659 267 1702 sese
289 1636 397 1718 erigit,
427 1635 482 1718 qui
500 1651 716 1716 saepenumero
743 1654 870 1717 gravem
887 1635 1049 1714 hymbrem
1068 1634 1215 1709 consilio,

198 1749 231 1801 et
250 1735 414 1818 prudentia
432 1750 489 1798 sua
508 1736 705 1818 erepublica
725 1736 920 1799 Franconica
940 1736 1067 1799 amovit.
1104 1736 1218 1818 Atque

196 1837 271 1901 idco
293 1855 412 1899 corona
430 1854 526 1897 cures
545 1835 656 1899 merito
681 1837 886 1910 larueandus3
913 1836 1095 1919 augrsstiore
1113 1855 1210 1908 vero,

198 1933 226 1999 si
244 1939 322 2003 hanc
348 1955 480 2017 quoque
506 1947 720 2018 tempestatem
746 1939 926 1999 removerit.
965 1936 1016 1999 Ao
1037 1957 1130 2019 quem
1156 1937 1216 1996 ho·

196 2055 308 2099 norcm
328 2035 465 2113 studium
486 2054 579 2098 omne
604 2047 768 2103 convertet
789 2037 932 2099 alacriter
952 2036 1060 2098 <livino
1082 2035 1216 2097 monitu.

198 2136 282 2209 Nos,
317 2133 373 2216 qui
401 2134 441 2198 ab
467 2156 509 2196 eo
534 2138 734 2200 sacerdotum
758 2136 892 2217 collegio
920 2136 1060 2199 decorati
1086 2158 1215 2210 sumtu,

198 2233 363 2296 audentius
397 2236 561 2316 deprecari
595 2240 751 2301 volumus.
802 2239 936 2300 Orenrus
965 2258 1024 2315 pro
1057 2236 1216 2298 Pontilice

198 2345 329 2407 nostro;
356 2328 510 2398 Dominus
536 2349 703 2400 conservet
730 2356 819 2411 cum,
849 2349 881 2400 et
900 2337 1038 2398 vivilicet
1057 2358 1150 2411 oum,
1184 2348 1218 2400 et

196 2432 325 2498 besum
343 2436 436 2498 faciat
453 2458 527 2500 eum
547 2437 580 2498 in
599 2449 697 2511 terra,
718 2449 749 2499 et
768 2457 832 2499 non
852 2439 1040 2499 traducum
1059 2437 1091 2498 in
1106 2457 1217 2498 manus

198 2533 397 2599 inimicorum
422 2536 502 2614 ejus.
540 2538 577 2597 ln
597 2559 705 2600 nrsnus
723 2537 921 2601 inimicorum
939 2538 1090 2611 traditur,
1117 2558 1216 2619 quan-

199 2634 242 2696 do
274 2636 383 2698 audire
413 2636 587 2698 contemnit
614 2659 703 2712 cum,
745 2637 800 2720 qui
829 2636 923 2698 dicit:
967 2640 1038 2717 Ego
1068 2637 1217 2699 dominus

199 2757 303 2799 amans
322 2734 492 2816 judicium,
512 2746 545 2796 et
563 2737 639 2799 odio
660 2740 775 2801 hebens
795 2737 952 2818 rapinam,
974 2738 1029 2820 qui
1048 2737 1140 2799 sitin
1159 2760 1216 2802 ssc-

200 2836 270 2898 euls
288 2835 473 2898 seculorum
492 2836 695 2913 benedictus,
715 2840 838 2902 Amen!
857 2872 895 2894 .-

634 2994 772 3011 μ·

274 3087 311 3151 ln
331 3088 474 3153 Comitiis
494 3088 620 3169 lmperii
642 3089 895 3165 Ratisbonensis,
915 3080 1084 3156 Francisoo
1103 3089 1215 3155 Cardi-

199 3188 260 3252 nali
277 3189 407 3252 Senensi
425 3191 550 3273 legato,
570 3201 601 3251 et
621 3186 744 3253 Joanne
754 3186 915 3268 Campano
933 3201 1075 3266 oratore,
1096 3191 1217 3256 decima

199 3287 307 3353 itidem
328 3290 423 3373 potita
442 3287 502 3352 luit
522 3301 629 3351 contra
651 3290 781 3351 'furcas
819 3290 848 3349 T
850 3306 903 3352 um
922 3290 1067 3371 princeps
1089 3291 1217 3375 quidam

201 3391 335 3463 elector,
365 3390 481 3450 bcllicsc
500 3389 547 3450 rei
566 3384 793 3468 peritissimus,
824 3400 855 3449 et
873 3387 906 3450 in
926 3391 1035 3452 eadem
1056 3410 1120 3452 non
1148 3394 1218 3453 vul-

200 3487 317 3567 gariter
342 3487 536 3562 fortunatus,
571 3488 626 3570 qui
655 3488 748 3568 paulo
773 3499 843 3550 ante
871 3499 933 3551 tres
952 3488 1109 3570 principes
1128 3491 1216 3553 viros

202 3585 376 3660 devicerat,
405 3587 466 3648 ait:
499 3606 532 3649 se
562 3587 629 3650 sols
654 3587 829 3663 vicesima,
860 3600 891 3648 ct
912 3590 1053 3663 Tuscos,
1086 3600 1117 3649 et
1139 3610 1221 3665 eos,

202 3684 256 3769 qni
281 3685 436 3749 decimam
458 3686 641 3768 exigerent,
674 3690 753 3752 ultra
773 3682 964 3752 Herculcum
983 3687 1100 3751 fretum
1125 3688 1220 3752 facile

200 3785 451 3868 profligatumrm.
489 3788 614 3853 Horum
627 3798 661 3851 tu
678 3786 792 3854 Carole
811 3787 985 3850 meminisse
1005 3795 1177 3850 memento!

275 3888 436 3969 Emprimc
465 3911 505 3952 en
532 3893 588 3952 cltc
613 3911 688 3971 pays
715 3911 801 3950 ncuu
826 3898 939 3949 trouue
960 3909 1053 3951 nome
1082 3889 1218 3968 Utopys.

201 3992 252 4055 lan
283 3988 365 4053 mille
396 3986 435 4052 C.
459 3988 497 4055 C.
523 3984 561 4054 C.
582 3987 623 4054 C.
643 3986 682 4055 C.
709 4001 740 4052 et
763 3986 855 4053 xlx.
879 3987 909 4048 le
935 3986 1105 4071 quinzomo
1135 3988 1222 4052 Jour

202 4090 303 4156 Mars.
577 4098 579 4102 ’
