2624 5108
513 883 642 959 Oratio
668 886 803 960 Tertia.
1093 897 1156 972 139

149 1089 253 1163 serpet
283 1081 346 1142 hoc
382 1079 571 1164 contagium.
632 1081 734 1160 Quem
761 1101 833 1143 sero
871 1079 978 1145 alienis
1012 1081 1157 1165 periculis

145 1191 260 1243 cevent
279 1179 442 1245 homines!
478 1178 608 1263 Aliquid
636 1180 719 1242 enim
738 1192 840 1243 tutum
859 1181 898 1241 ab
918 1181 1007 1245 istius
1027 1184 1158 1248 amentis

145 1273 283 1364 putatis,
322 1280 379 1364 qui
413 1282 476 1343 boe
503 1282 576 1342 loeo
603 1301 691 1343 sucun
716 1281 850 1356 rabiem,
889 1298 976 1345 sumu
1004 1285 1159 1347 diritatem

148 1381 327 1461 auspicatus
348 1379 419 1447 eut
465 1381 532 1444 Aut
563 1402 581 1442 a
615 1401 775 1463 quoquam
807 1403 841 1444 se
871 1380 1059 1457 continebit,
1104 1386 1160 1466 qui

150 1481 284 1545 amicum
302 1492 333 1542 et
348 1480 382 1557 *)
406 1480 552 1547 comitem
576 1501 668 1543 suum
686 1481 914 1556 fidelissimum,
941 1481 1160 1547 innocentissi-

147 1600 237 1643 mum
256 1579 423 1661 juvenem,
447 1579 539 1661 cujus
553 1591 666 1661 preter
679 1580 946 1647 virustemodisse
964 1583 1040 1651 niiu'l
1057 1584 1162 1665 potuit

146 1679 212 1761 jam
242 1692 309 1744 tttm
334 1698 389 1744 ex*
402 1681 502 1744 obicio
528 1680 587 1765 sibi
616 1681 864 1764 obsequentem,
899 1682 991 1765 cujus
1009 1684 1089 1759 fide,
1124 1703 1161 1745 ac

143 1782 336 1846 tortitudine
363 1783 395 1846 in
424 1783 551 1847 summis
579 1781 644 1844 suis
662 1782 808 1861 periculis
826 1804 903 1846 usus
922 1794 988 1858 est,
1009 1805 1039 1846 ·a
1068 1782 1162 1863 cujus

144 1895 233 1965 patre
252 1893 368 1945 tentam
386 1882 610 1966 benignitatem
629 1882 765 1961 accepit,
786 1895 821 1945 ut
840 1884 1021 1964 mojorema
1035 1886 1160 1950 nemine

144 1994 275 2065 posset,
307 1982 465 2067 flagitioso
495 1982 651 2063 prodidit,
685 1982 823 2057 nefarie,
854 1996 886 2047 et
913 1986 961 2061 *Ἴ
991 1987 1161 2050 crudeliter

143 2082 282 2160 occidit,
313 2084 531 2149 immanissime
550 2084 584 2145 in
603 2094 762 2148 mortuum
781 2086 895 2160 saeviit,
922 2086 1014 2149 nobis
1032 2086 1160 2168 pietatis

142 2206 259 2248 munus
277 2205 344 2247 uon
370 2184 526 2249 indulsit?
563 2186 593 2249 Α
620 2204 799 2267 quoquam,
830 2185 902 2266 ajo,
933 2186 1106 2249 continebit
1124 2210 1160 2249 se

145 2282 231 2345 iste?
250 2286 316 2347 Aut
335 2268 455 2365 sperari
474 2285 567 2347 debet
575 2266 841 2360 ’emendaturum
860 2308 912 2361 se,
935 2286 989 2368 qui
1001 2296 1159 2346 tantorum

148 2384 300 2447 sceiemtm
326 2386 516 2465 postulatus,
553 2384 616 2465 jum
644 2398 710 2448 tum
742 2385 826 2446 omni
853 2397 1010 2447 terromrm
1042 2404 1158 2466 genere

148 2480 365 2563 impendente,
395 2483 515 2566 judicio
537 2485 696 2548 obnoxius
715 2497 786 2566 post
805 2496 895 2551 natos
915 2484 1056 2547 homines
1075 2495 1158 2546 etro-

147 2582 289 2660 cissimo,
330 2606 396 2647 nou
429 2586 525 2648 modo
558 2607 624 2647 non
654 2584 796 2648 submisit
829 2606 882 2659 se,
922 2605 1034 2648 veurm
1066 2584 1158 2648 noris

145 2705 294 2767 quoque,
338 2697 370 2746 et
395 2685 470 2748 diris
498 2684 691 2747 facinoribus
721 2684 905 2757 obstrinxit,
946 2685 1077 2767 conjugi
1095 2708 1157 2747 sure

145 2782 232 2845 oruui
259 2784 413 2860 fortune,
456 2806 490 2847 ao
517 2786 640 2849 virtutis
669 2787 756 2848 cultu
783 2783 984 2847 omrutissimre
1014 2785 1158 2863 mulieri,

143 2904 256 2947 necem
274 2884 460 2962 intendens,
480 2897 512 2948 et
530 2907 598 2947 eam
618 2907 748 2963 necem,
775 2908 868 2968 quam
887 2898 1075 2970 sequeretur
1093 2898 1159 2950 tur-

139 2985 274 3067 pitudo,
304 2987 362 3049 hae
379 2986 514 3062 familia,
541 2987 588 3050 his
614 2986 900 3071 propinquitatibus
918 2984 1159 3071 indignissima?

143 3086 197 3163 ls,
233 3086 375 3170 inquom,
422 3087 588 3170 atiqusmdo
625 3086 756 3149 mutabit
794 3106 868 3148 suos
902 3089 1034 3151 mores?
1071 3110 1159 3151 sutum

143 3198 282 3249 mentem
304 3188 422 3249 exuet?
454 3190 591 3270 Quaeso,
619 3208 686 3249 rem
704 3187 907 3269 perpendite,
930 3188 1094 3262 Gennani,
1127 3199 1159 3247 et

144 3286 230 3349 idem
247 3299 395 3370 usurpate
422 3289 550 3362 avitam,
587 3308 622 3348 ac
642 3286 710 3364 m)
731 3307 807 3351 vere
827 3286 1014 3347 Germanum
1033 3286 1159 3347 sortitu-

142 3387 274 3451 dincm!
303 3389 393 3450 Elabi
419 3388 511 3449 istum
531 3399 622 3467 turpe
643 3400 706 3462 est,
733 3388 867 3462 sectum,
902 3407 938 3450 ao
957 3384 1156 3459 detestabile,

139 3499 276 3571 propter
316 3486 477 3566 judicandi
516 3488 768 3562 inconstantium,
813 3486 1025 3567 periculosum
1059 3506 1157 3559 vero,

142 3598 276 3670 propter
293 3589 430 3673 exempli
449 3588 652 3651 atrocitatem.
690 3588 883 3668 Perpendite
903 3609 1027 3671 queso,
1048 3599 1080 3649 et
1098 3607 1158 3649 vos

146 3686 293 3751 excitate.
350 3688 465 3752 Caveri
494 3687 581 3765 ⁸¹⁶⁸)
609 3685 671 3768 jam
695 3688 796 3749 uclhuc
825 3687 1000 3765 periculum
1032 3699 1156 3770 potest,

142 3786 234 3871 quod
260 3786 287 3851 is
313 3789 472 3852 exereitus
502 3799 610 3851 noster
636 3796 701 3860 est,
734 3784 789 3868 qui
813 3787 883 3846 solo
903 3800 1010 3849 vestro
1031 3786 1157 3875 adjutus

142 3892 290 3952 consulto
315 3888 405 3952 facile
433 3890 524 3951 istum
548 3887 708 3965 infringet.
752 3884 879 3947 Deserti
907 3905 925 3946 s
953 3886 1068 3963 vobis,
1090 3907 1159 3953 neu

142 3986 223 4061 crit,
256 4008 321 4071 quo
348 3988 585 4072 confugiamus,
620 3986 680 4050 uisi
706 3986 745 4048 od
770 3987 835 4048 huc
859 4004 960 4059 arma,
993 4006 1063 4069 quse
1082 3997 1157 4046 tune

140 4086 213 4153 sine
232 4109 348 4170 magno
364 4088 536 4151 Germaniae
551 4087 757 4162 detrimento,
779 4081 901 4148 tractari
915 4104 982 4144 non
995 4092 1156 4165 poterunt.

140 4188 331 4253 Declinaudi
360 4200 463 4252 autem
489 4189 662 4252 communis
696 4185 861 4250 dedecoris
889 4185 969 4251 ratio
1004 4204 1067 4247 une
1091 4195 1156 4259 est,

142 4288 236 4372 quod
252 4288 335 4351 dicta
353 4310 412 4368 per
430 4311 488 4351 vos
503 4288 676 4364 sententia,
697 4308 876 4372 qumrquam
890 4306 979 4362 sero,
999 4282 1157 4369 judicasse

177 4526 261 4583 det,
280 4540 324 4573 sc,-
352 4525 450 4581 ”teu
470 4534 504 4573 tc.
541 4517 713 4585 ⁸¹¹⁸)sc,et
752 4509 829 4580 ⁸¹⁸⁸)
850 4524 1060 4587 Commerui.
