2624 5108
293 436 298 445 .

553 854 800 935 Phalarismu's'.

585 1052 761 1109 Charon

240 1139 273 1204 Si
292 1162 343 1202 me
363 1142 500 1204 oraverit
520 1146 699 1206 sceleratus.

574 1254 764 1326 Tyrann.

237 1341 399 1420 Propitius
419 1342 537 1404 mihi
512 1363 553 1404 srs
573 1346 652 1407 ‹letrs
674 1345 818 1420 Charon,
839 1357 871 1406 et
890 1366 963 1408 ecee
983 1346 1024 1408 ad
1041 1344 1174 1408 remum.
1191 1352 1193 1357 '

582 1452 760 1509 Charon.

235 1539 393 1602 Sentinum
422 1542 495 1608 mihi
519 1542 683 1611 exlr'auries
709 1564 839 1633 quoque
866 1565 931 1605 non
957 1545 1053 1607 mutto
1084 1556 1173 1624 post,

157 1653 191 1704 et
213 1642 360 1705 vilissima
385 1664 517 1727 curaeque
542 1643 709 1705 ministeria
730 1642 830 1706 linens
854 1644 973 1719 abibis,
997 1664 1034 1707 ae
1055 1644 1094 1706 ab
1117 1644 1175 1707 ista

156 1742 323 1805 ferocitate
351 1746 480 1809 multum
509 1744 627 1805 alienus
655 1744 727 1807 eris.
785 1745 854 1807 Vos
882 1746 998 1807 umbrae
1030 1745 1174 1820 transite,

157 1864 232 1905 rum
245 1844 304 1905 hirc
321 1843 448 1907 inclinet
466 1843 585 1921 cymba.
614 1843 816 1907 Descendite.
843 1844 895 1907 Tu
908 1856 1039 1924 tyrsum
1054 1846 1173 1930 aliquid

156 1944 231 2024 plus
253 1945 359 2016 solve,
386 1942 543 2009 sexcentis
561 1943 679 2005 umbris
697 1946 835 2027 gravior.

576 2054 623 2106 M
627 2070 762 2109 ercur.

232 2141 351 2205 faciet.
389 2144 468 2204 Nam
488 2154 519 2208 et
538 2142 691 2227 prodigus
710 2155 758 2209 est
777 2143 846 2217 iste.

572 2251 749 2315 Charon.

230 2340 294 2404 Ati
315 2339 349 2402 in
374 2343 482 2410 malam
507 2362 643 2410 crucem.
692 2342 796 2405 Porro
821 2343 959 2425 Vugitio
985 2330 1059 2403 vate
1087 2342 1169 2422 opus

154 2452 203 2503 est
220 2440 380 2513 Mercuri,
403 2440 457 2522 qui
473 2442 624 2504 continuo
638 2442 671 2502 in
687 2445 781 2502 coetos
798 2445 949 2503 exclamet
962 2456 1053 2505 suum
1073 2441 1167 2504 itud:

155 2540 224 2611 „Dii
238 2542 328 2601 talem
344 2540 434 2605 terris
453 2541 583 2601 avertite
601 2552 718 2621 pestem
731 2534 754 2601 Ξῖ(
776 2541 971 2602 Phalaridem
984 2542 1167 2623 magistrum

151 2638 310 2724 uqrrabit'
301 2650 377 2714 rste,
398 2648 451 2701 aut
464 2640 624 2717 srqrerabit
634 2642 742 2709 etiam.
773 2640 816 2699 Et
829 2638 910 2701 seire
922 2641 977 2702 abs
993 2650 1025 2703 te
1036 2640 1162 2717 laboro,

151 2740 418 2823 quemadmodum
437 2739 537 2801 Jovi
529 2761 561 2800 ιη
576 2751 711 2801 mentem
730 2739 870 2813 venerit,
890 2740 1069 2845 permittere
1082 2743 1166 2805 hune

151 2841 191 2902 ad
210 2839 364 2901 talemne
379 2838 579 2920 magistrum,
600 2850 632 2899 et
649 2840 712 2900 hee
729 2835 862 2901 discere.

569 2949 755 3005 Merctor.

224 3038 268 3102 Ut
288 3039 422 3101 habeant
440 3038 557 3100 scilieet
580 3038 738 3113 homines,
766 3058 831 3120 quo
848 3039 1041 3103 erudiantur.
1075 3041 1164 3105 Nam

150 3138 210 3200 iste
235 3139 401 3221 quidem
376 3160 421 3202 ste
435 3140 527 3213 facit,
547 3160 659 3201 varum
678 3160 743 3200 non
760 3137 836 3201 nihil
850 3138 944 3200 etiam
961 3141 992 3213 a)
1010 3114 1163 3217 patietur,

150 3258 210 3300 sua
226 3238 387 3323 indignum
401 3240 617 3320 perversitate
654 3237 736 3301 Mihi
748 3237 830 3306 enim
841 3248 990 3319 preterea
1005 3238 1163 3300 mandavit

149 3340 294 3422 Jupiter,
323 3340 439 3404 Cesari
462 3338 678 3414 Maximitiano
706 3325 746 3401 ut
766 3338 888 3409 dicam,
923 3356 1030 3399 rerum
1055 3355 1162 3399 curam

99 3442 102 3449 '
147 3452 236 3524 agat,
264 3451 296 3504 et
311 3442 373 3503 hoc
392 3440 505 3503 crebro
525 3439 567 3500 illi
588 3439 758 3514 inculcem,
780 3439 813 3500 οἰι
833 3441 889 3522 χςῆ
910 3437 1073 3512 aestimor.

566 3546 746 3603 Charon

225 3640 339 3704 Metuo
358 3651 393 3702 ut
412 3639 571 3709 inutiliter.
610 3638 761 3709 ttamen!

563 3746 741 3800 Meretur.

222 3841 429 3925 Nequaquam
449 3837 611 3903 inutiliter.
656 3836 736 3897 Nam
757 3845 788 3895 et
815 3832 919 3897 bonus
944 3846 993 3896 est
1008 3837 1159 3899 Maximi·

142 3941 266 4016 tiatrtrs,
285 3952 318 4002 et
333 3942 417 4003 hunc
437 3961 496 4021 pro
517 3935 687 3999 commissis
706 3935 907 3997 vehementer
926 3933 1011 4008 odit,
1030 3933 1157 4017 jamque

142 4040 185 4103 ad
207 4041 394 4119 supplicium
425 4048 570 4118 rapturus
600 4036 733 4098 utem.
791 4032 855 4094 Sed
881 4032 1011 4104 daleam,
1042 4031 1158 4095 deinde

141 4140 220 4203 ittud
235 4139 333 4202 obibo
347 4139 561 4203 ministerium.
599 4137 662 4200 Per
674 4138 727 4198 tus
741 4133 886 4196 tenebras
901 4130 981 4193 imus
996 4131 1156 4206 Τγιιιιιιε,

140 4240 261 4302 deinde
283 4262 373 4302 mons
392 4250 455 4315 est,
482 4250 522 4331 ‘et
543 4247 616 4321 post
633 4257 704 4299 eum
728 4235 833 4310 vallis,
865 4236 928 4316 quat
945 4231 984 4292 ad
1001 4228 1157 4314 quandam

178 4468 210 4536 ⁸)
230 4480 306 4522 ettam
315 4510 324 4535 ,
342 4479 374 4523 et.
