2624 5108
432 876 457 923 r.
478 838 631 913 niellam
651 834 760 907 Laur.
785 830 898 903 Vallae

260 1080 343 1117 „M
379 1056 467 1103 m,
504 1038 539 1089 nt
557 1034 642 1087 tntns
665 1022 733 1103 ipse
762 1032 944 1103 grassetur,
981 1020 1164 1095 rreesrerit;
1205 1004 1209 1013 '

206 1112 227 1137 '⁸
241 1100 258 1125 κ
280 1180 298 1215 ἢ
328 1168 369 1205 4..
396 1128 561 1199 sncndrnn
578 1134 645 1195 est,
672 1122 728 1204 qui
747 1134 782 1185 ut
801 1143 879 1204 opes
897 1120 1066 1196 haberent,
1098 1120 1164 1183 ani·

227 1288 276 1315 υ
313 1256 409 1307 ..sto
438 1227 554 1291 caedem
580 1221 808 1285 instituebant?
848 1221 905 1305 qni
933 1220 975 1283 ob
1005 1222 1164 1285 adsertam

176 1305 330 1417 *Lm*
375 1352 440 1393 ntur
472 1345 609 1403 corpora
638 1321 799 1385 hominnm
830 1321 987 1385 trucidare
1021 1321 1164 1383 contenti

232 1486 256 1503 ,,
288 1440 341 1501 ...l
358 1432 436 1493 dam
457 1424 651 1503 perimebant
666 1421 760 1483 etiarn
775 1422 905 1485 amicam
923 1420 985 1485 Dei
1009 1421 1165 1497 anmram,

179 1494 295 1619 ζμ
323 1528 398 1602 Dei,
442 1525 519 1587 illud
547 1522 654 1587 nobile
677 1522 855 1585 inlerornm
884 1521 1039 1603 spolium,
1080 1521 1165 1585 illam

167 1598 228 1719 L,
245 1632 355 1701 ..boris
369 1625 569 1700 mercedem,
596 1623 673 1685 illud
692 1624 845 1705 sangnine
863 1621 981 1685 Christi
996 1622 1163 1705 quaesitum

161 1754 307 1821 „murat
321 1725 571 1807 pessundabant,
591 1721 791 1797 occidebant,
812 1721 1023 1796 devorabant,
1044 1722 1164 1803 qrribns
1184 1778 1187 1785 .

154 1816 214 1915 ,m
228 1828 361 1897 rnissim
376 1848 444 1887 non
459 1823 694 1898 invidebamus,
717 1822 791 1905 quia
810 1832 955 1904 potentes
978 1831 1086 1897 erant,
1105 1820 1184 1885 setl'

151 1946 328 2013 wmarus,
360 1925 435 2006 qnia
462 1934 624 1986 nocentes.
667 1923 732 1986 'tui
756 1943 834 1985 vero
860 1942 1000 1985 amorem
1028 1922 1164 2002 prolun-

148 2034 270 2111 &sinte
297 2025 424 2087 insitum
450 2023 513 2103 jam
546 2023 797 2086 Christianorum
828 2022 954 2097 animis,
991 2044 1062 2105 qnae
1088 2021 1163 2085 satir

147 2146 210 2209 ,rr-st
231 2124 369 2189 alacritas
393 2122 571 2185 beatissime
593 2132 678 2199 Leo,
708 2134 744 2183 ut
770 2121 996 2195 ostendamus?
1033 2123 1088 2185 'l‘n
1110 2122 1163 2185 ille

146 2232 230 2305 ,nbis
254 2245 357 2298 amor,
387 2222 464 2285 illud
487 2222 614 2284 hnmani
632 2221 759 2303 generis
776 2221 940 2297 delicium,
968 2233 1163 2285 resternatur

144 2328 245 2419 Ιηυίε,
278 2306 433 2385 bellorum
449 2321 624 2396 extinctor,
655 2332 747 2384 antor
768 2320 965 2397 securitatis,
996 2322 1163 2385 turbarum

142 2430 287 2498 sarlator,
317 2433 404 2505 pater
423 2420 616 2495 studiorum,
646 2421 749 2483 fornes
768 2421 944 2497 literarum,
974 2421 1164 2500 optimarum

141 2528 271 2599 artium,
288 2522 388 2585 felicis
402 2521 603 2603 ingeniorum
616 2524 717 2583 cultus
732 2533 912 2601 reparator3
932 2542 997 2603 qno
1010 2522 1051 2583 tle
1063 2523 1169 2601 scrip.

140 2642 209 2691 tnnt
229 2633 276 2685 est
296 2645 353 2703 per
375 2623 580 2702 prophetam:
610 2623 730 2685 orietur
754 2624 786 2684 in
813 2622 924 2684 diebus
947 2619 1018 2700 ejns
1041 2620 1163 2701 justitia

140 2738 172 2789 et
202 2721 392 2785 abundantia
422 2720 517 2800 pacis.
570 2724 695 2801 Quanto
726 2722 910 2785 solidiorem
937 2723 1001 2783 hree
1036 2723 1161 2787 landem

140 2825 415 2905 conrplccttnrtnr,
455 2843 549 2903 «pram
583 2822 631 2883 illa
665 2844 766 2902 isuper
800 2822 841 2883 de
873 2822 938 2883 snis
970 2821 1059 2883 bellis
1094 2824 1160 2887 suis

141 2922 304 3001 triumphis
322 2922 483 2982 decantata
498 2931 599 2985 Jrslio.
636 2922 713 2983 Sunt
728 2920 810 2983 enirn
824 2921 989 2983 laudabilia
1001 2925 1161 3001 pontilicis

142 3042 255 3101 opera,
284 3022 332 3081 illa
348 3018 544 3082 ferocissima
562 3031 651 3083 erant
669 3021 792 3098 tyranni
807 3020 899 3081 laeta.
937 3019 1063 3089 Scilicet
1079 3044 1160 3101 prm·

140 3118 220 3180 til'ex
246 3140 340 3183 nemo
363 3119 445 3195 lnit,
484 3121 541 3202 qui
567 3121 718 3181 secularia
744 3120 840 3183 adse
862 3124 1160 3203 rrgrraquornodo-

140 3238 268 3298 cunque
291 3219 385 3280 etiam
409 3220 582 3299 pertraxit,
618 3240 678 3281 nec
699 3219 833 3282 vicarius
858 3218 976 3282 Christi
995 3231 1048 3281 ant
1070 3223 1160 3285 Petri

140 3335 306 3379 successor
326 3318 405 3391 luit,
426 3316 570 3399 quisquis
589 3322 777 3397 praenlarem
796 3331 995 3385 Constantini
1011 3322 1159 3383 donatio-

139 3434 230 3489 nem,
259 3439 328 3499 quae
352 3418 509 3479 neclecta
528 3440 668 3501 unquam
691 3431 755 3495 cst,
784 3440 844 3481 nec
863 3420 934 3482 lieri
951 3419 1070 3499 potnit,
1106 3421 1159 3482 ad·

141 3514 250 3577 seruit.
306 3514 409 3593 Cujus
431 3536 494 3597 ego
524 3517 802 3597 improbationem,
840 3531 958 3583 tantum
984 3519 1090 3591 abest,
1123 3530 1157 3583 nt

141 3611 267 3691 impiam
288 3626 411 3694 putem,
432 3627 467 3677 nt
487 3619 687 3680 vehementer
703 3618 870 3697 pontilicis
892 3617 1034 3701 dignitati
1054 3618 1158 3682 detra-

141 3713 217 3773 here
234 3734 290 3777 eos
310 3713 502 3791 existimem,
531 3718 586 3799 qni
605 3722 684 3780 harre
703 3719 851 3798 probent.
896 3717 970 3779 Tibi
986 3740 1065 3780 rero
1087 3740 1159 3801 gra·

141 3810 293 3875 tissimum
319 3816 425 3876 l'accre
454 3839 504 3879 rne
530 3819 703 3891 confidam,
738 3818 794 3900 qni
820 3830 974 3897 rejectnrn
997 3838 1101 3897 nnper
1127 3828 1159 3877 et

140 3912 318 3975 darnnatnm
333 3917 391 3977 hae
411 3917 451 3977 de
472 3937 507 3977 re
531 3928 635 3981 Vallae
651 3918 808 3991 libellum,
838 3916 935 3978 veluti
958 3938 999 3977 ex
1018 3918 1158 3979 tenebris

140 4010 172 4071 in
192 4014 310 4089 lncani,
345 4016 386 4077 ab
415 4017 543 4080 interitu
569 4020 609 4080 nd
634 4018 728 4078 vitam
753 4037 913 4079 revocem.
958 4015 1045 4096 Quin
1065 4016 1160 4078 etiarn

140 4109 242 4191 ipsum
274 4115 331 4176 tibi
361 4116 447 4179 illurn
479 4117 611 4192 dedico,
656 4109 690 4177 nt
722 4126 867 4177 testatum
902 4114 960 4190 sit,
1001 4136 1096 4196 qnam
1128 4128 1159 4175 te

140 4211 289 4289 pontifice
315 4227 424 4276 serrata
450 4215 612 4289 libertate,
646 4236 757 4277 rernm
782 4216 888 4278 dicere
915 4213 1037 4276 licuerit
1058 4216 1161 4277 ormri·

140 4307 218 4381 bns,
238 4332 415 4393 vernmrpre
434 4314 583 4376 scribere.
622 4317 718 4395 Quod
738 4318 796 4377 etsi
815 4338 880 4377 non
900 4315 1058 4390 dubitem,
1081 4316 1161 4399 quin

139 4407 230 4470 satae
268 4411 326 4473 tibi
361 4414 504 4492 placeat,
552 4422 653 4478 tamen
696 4416 749 4477 nhi
790 4418 851 4477 hoe
881 4414 1009 4496 publico
1051 4418 1161 4496 nliqrro
