2624 5108
510 895 638 971 Oratio
666 895 817 987 Quarta.
1103 906 1166 985 tac

146 1090 225 1151 lidos
258 1093 502 1171 coguoveraur.“
528 1128 567 1141 -
585 1090 676 1163 llaec,
710 1090 735 1152 si
767 1091 829 1153 ulla
858 1093 892 1154 in
924 1101 956 1154 te
987 1094 1168 1158 Germanici

142 1187 305 1273 sanguinis
324 1200 414 1271 gutta
427 1188 596 1262 resideret,
618 1208 683 1251 raon
698 1190 832 1254 diceres.
870 1192 949 1254 Nam
969 1198 1084 1257 nullam
1105 1209 1168 1259 tam

141 1290 289 1373 acerbam
318 1294 455 1351 r'nortem
487 1286 662 1369 judicares,
696 1266 790 1373 (praeiri
821 1314 887 1353 uon
915 1292 1005 1355 obire
1040 1297 1167 1375 (prius)
1202 1313 1204 1317 ·

142 1380 267 1465 miles,
289 1408 382 1471 aptam
396 1389 560 1451 mendacio
579 1400 639 1452 taur
653 1391 853 1472 impudenter
865 1392 1052 1457 cnusiuuato
1072 1396 1167 1458 vitam

145 1510 291 1573 quaerere
309 1488 352 1563 *L
388 1489 513 1553 Deinde
533 1491 639 1573 siquid
651 1492 685 1553 iu
699 1505 729 1553 to
746 1493 878 1573 pruloris
899 1495 1058 1577 reliquum
1072 1507 1166 1573 esset,

144 1602 195 1652 tot
215 1584 470 1673 gravissimorum
491 1591 633 1653 virorum
650 1592 780 1685 alpibus
794 1615 951 1671 parceres.
990 1597 1068 1676 Quae
1083 1596 1168 1658 euim

141 1684 215 1755 rain'
225 1700 386 1772 prostrata
405 1690 552 1771 pudicitia
574 1691 688 1753 ruuller
702 1693 747 1755 sic
766 1694 983 1777 impudenter,
1005 1706 1037 1756 et
1056 1694 1089 1756 iu
1108 1696 1168 1756 hoc

140 1802 310 1871 conventu
329 1789 594 1857 mentirircllcti'
633 1794 686 1855 'l'u
715 1793 821 1855 dicere
850 1798 965 1870 audes,
996 1796 1093 1857 iidem
1112 1794 1169 1857 tibi

139 1892 230 1955 illum
247 1888 448 1985 prodidisse,
481 1912 517 1952 ac
537 1891 686 1967 infidum,
715 1892 897 1973 perjurum,
919 1908 951 1957 et
971 1894 1169 1976 proditorem

142 2012 261 2066 vocas,
293 1992 453 2083 eum-‘ubi
483 1994 565 2063 haee,
599 1994 744 2075 aptando,
780 2007 832 2059 aut
864 1996 980 2080 quibus
1013 1995 1168 2070 testibus,

141 2112 255 2177 quove
273 2090 358 2153 l'aeto
385 2091 596 2168 commiserit,
633 2084 751 2156 inlerie
771 2096 879 2157 nosti?
903 2097 948 2173 Η)
969 2096 1046 2159 Haec
1065 2102 1169 2157 atatem

143 2192 309 2277 qtaomodo
323 2193 538 2267 conveniunt,
558 2194 648 2276 quod
661 2193 796 2275 priimam
813 2196 874 2271 ais,
895 2195 1100 2277 objurgatum
1114 2197 1169 2257 abs

147 2268 388 2379 tepoenitdilse‚
411 2304 442 2353 et
460 2306 595 2356 mortem
610 2305 734 2374 optasse
748 2317 784 2357 ac
796 2297 978 2359 deserendae
991 2294 1166 2357 Germauiae

149 2391 311 2457 consiliam
327 2392 513 2477 agitavisse,
543 2393 596 2453 abs
617 2405 647 2454 te
666 2416 772 2481 orasse
789 2396 928 2468 veniam,
953 2406 985 2456 et
1004 2393 1168 2456 consilium

149 2488 417 2573 petiisse,‹le'in‹le
426 2493 526 2556 refers
536 2538 546 2569 ,
558 2496 796 2576 quamsuperlre
804 2517 838 2557 se
847 2493 1025 2570 jactaverit,
1037 2514 1073 2554 ac
1083 2504 1168 2555 tuam

145 2592 239 2657 adimi
246 2593 491 2657 commotionem
500 2594 664 2657 insolentia
673 2594 805 2656 illusisse
819 2592 937 2673 lingis?
958 2593 1097 2655 Possunt
1111 2604 1169 2668 tot,

142 2691 1170 2779 tamquealiversnsimulesselAgeverodicloui*⁴³*lcouscien-

143 2794 187 2857 tie
195 2794 307 2879 flagitii
317 2794 366 2857 sic
375 2795 497 2877 agitur,
515 2807 552 2857 ut
561 2796 642 2857 ldtro
654 2796 703 2856 vel
714 2793 746 2855 in
757 2792 886 2857 exilium
895 2805 963 2869 eat,
974 2795 1027 2856 vel
1036 2805 1170 2855 mortem

141 2905 294 2979 exoptet,
319 2895 404 2957 huuc
423 2895 573 2957 credibile
595 2906 660 2969 est,
681 2894 868 2958 insolentem
887 2915 976 2968 esse,
1008 2905 1063 2957 aut
1083 2893 1169 2955 malis

139 2996 334 3080 cultasquam
362 2995 535 3058 insultare?
577 2994 641 3076 Qui
667 2996 762 3069 ilaus,
792 3015 829 3056 ac
854 2996 1026 3075 lacrymans
1046 2992 1169 3057 veniam

142 3106 229 3169 orat,
251 3095 346 3171 isei‚
367 3116 385 3157 a
404 3118 471 3179 quo
491 3107 577 3169 orat,
599 3094 778 3157 maledicit?
805 3096 915 3156 Potest
934 3106 1039 3156 autem
1057 3115 1169 3175 super·

143 3194 238 3271 hire,
267 3198 323 3279 qui
347 3197 486 3259 fortunis
506 3195 653 3258 omuibus
679 3194 870 3275 desperatis,
909 3215 945 3256 ac
964 3192 1167 3271 turpitudinis

143 3295 208 3359 sibi
240 3298 362 3379 qualem
397 3319 463 3359 non
494 3296 577 3359 serat
614 3295 777 3370 conscius,
815 3288 964 3374 patriam,
1004 3302 1167 3371 parentem

143 3394 284 3469 amieos,
315 3388 427 3461 coelum
446 3417 483 3459 ac
501 3399 604 3459 lucem
622 3396 737 3479 lugere
756 3393 923 3457 decrevit?
962 3392 1047 3455 Tum
1067 3389 1170 3453 consi-

144 3496 223 3561 lium
254 3496 327 3581 qrais
357 3497 436 3579 petit
469 3498 508 3559 ab
539 3518 597 3570 eo,
637 3517 733 3578 quern
764 3496 809 3557 sio
843 3494 938 3567 laesit,
975 3504 1011 3555 ut
1047 3493 1171 3554 vertiam

146 3598 315 3679 impetrare
337 3619 404 3661 non
431 3596 558 3678 possit?
596 3599 699 3678 Quam
718 3594 769 3655 ille
787 3594 891 3657 omnis
912 3591 1170 3673 corasilii'expers

148 3696 316 3778 nugister,
353 3698 410 3781 qui
440 3708 471 3760 te
497 3700 562 3760 haec
588 3680 706 3759 docuit.
754 3695 807 3755 'l'u
835 3713 914 3754 vero
934 3715 1029 3775 cpiam
1049 3713 1171 3757 coecus,

147 3796 203 3881 qui
222 3818 290 3861 non
311 3798 401 3863 vides
420 3798 505 3874 aaran)
525 3790 655 3860 omaririo
676 3792 855 3871 discrepare
874 3792 955 3865 haec,
982 3803 1014 3852 et
1034 3792 1084 3851 vel
1104 3811 1171 3852 uuo

145 3898 344 3963 defensionis
362 3896 458 3977 hujus
484 3897 627 3961 membro
646 3891 837 3977 flagitiosum
856 3901 946 3951 naum
974 3890 1172 3953 morulacium

144 3998 355 4081 deprehendi.
395 3998 460 4061 Sed
479 4000 519 4061 de
539 3997 589 4059 illa
610 3994 758 4067 muliere,
786 3989 861 4073 quia
874 4000 904 4049 te
919 3999 1030 4049 autore
1047 3987 1170 4067 prodita

146 4120 199 4162 res
218 4110 288 4175 est,
311 4098 370 4176 ita,
399 4109 434 4161 ut
456 4119 525 4180 quae
545 4096 578 4159 iu
598 4096 697 4174 ipsam
716 4095 807 4173 eulpa
826 4089 926 4162 eadit,
956 4084 1034 4148 eitra
1053 4082 1168 4145 mortui

138 4198 228 4263 ¹¹illius
268 4198 417 4281 injuriam
446 4197 545 4261 taceri
576 4216 644 4259 nou
659 4214 662 4221 ·
674 4193 772 4277 possit
801 4193 854 4267 †)‚
894 4208 966 4251 erun
1003 4184 1090 4267 prius
1128 4182 1171 4244 ola

182 4368 212 4433 *)
232 4376 301 4421 Nam
318 4378 413 4420 nuttam
431 4373 467 4419 bis
484 4377 563 4419 :attam
582 4384 709 4429 prroerers:
737 4368 800 4425 ‹paod
817 4364 926 4411 conscius
944 4362 985 4408 tibi
1004 4373 1086 4417 esses,
1112 4359 1171 4405 nihil

180 4444 267 4489 horum
287 4454 338 4491 nou
357 4445 456 4501 sactum,
482 4455 511 4489 ao
526 4442 674 4489 emunitate.
721 4428 767 4495 a»)
789 4438 887 4487 inferre
904 4436 987 4485 norst,
1009 4443 1057 4475 uon
1075 4430 1172 4475 inseras.

183 4502 247 4571 m)
271 4514 338 4573 Qut,
357 4512 403 4569 qui.
449 4501 526 4561 W)
544 4511 602 4555 atati
624 4511 666 4567 qut
686 4520 736 4553 uon
753 4507 840 4551 atras.
871 4498 1163 4548 =aueu1111·a=rtn:tut'u

183 4582 324 4627 testemur,
361 4572 392 4637 ᾗ)
410 4584 508 4631 possit.
527 4582 615 4633 polest.
