<?xml version="1.0" encoding="UTF-8"?>
<!DOCTYPE html PUBLIC "-//W3C//DTD XHTML 1.0 Transitional//EN"
    "http://www.w3.org/TR/xhtml1/DTD/xhtml1-transitional.dtd">
<html xmlns="http://www.w3.org/1999/xhtml" xml:lang="en" lang="en">
 <head>
  <title>
</title>
<meta http-equiv="Content-Type" content="text/html;charset=utf-8" />
  <meta name='ocr-system' content='tesseract 3.04.00' />
  <meta name='ocr-capabilities' content='ocr_page ocr_carea ocr_par ocr_line ocrx_word'/>
</head>
<body>
  <div class='ocr_page' id='page_1' title='image "./ulrichiabhutten03mngoog_0459.png"; bbox 0 0 2624 5108; ppageno 0'>
   <div class='ocr_carea' id='block_1_1' title="bbox 146 844 868 942">
    <p class='ocr_par' dir='ltr' id='par_1_1' title="bbox 146 844 868 942">
     <span class='ocr_line' id='line_1_1' title="bbox 146 844 868 942; baseline -0.006 -20"><span class='ocrx_word' id='word_1_1' title='bbox 146 853 216 925; x_wconf 61' lang='lat'><strong>1052</strong></span> <span class='ocrx_word' id='word_1_2' title='bbox 450 845 648 942; x_wconf 82' lang='lat' dir='ltr'><strong>Pasquillus</strong></span> <span class='ocrx_word' id='word_1_3' title='bbox 672 844 868 919; x_wconf 80' lang='lat' dir='ltr'><strong>Mariunus</strong></span> 
     </span>
    </p>
   </div>
   <div class='ocr_carea' id='block_1_2' title="bbox 138 1034 1176 4538">
    <p class='ocr_par' dir='ltr' id='par_1_2' title="bbox 138 1034 1176 4538">
     <span class='ocr_line' id='line_1_2' title="bbox 144 1034 1172 1123; baseline -0.005 -18"><span class='ocrx_word' id='word_1_4' title='bbox 144 1040 186 1106; x_wconf 83' lang='lat' dir='ltr'><strong>ita</strong></span> <span class='ocrx_word' id='word_1_5' title='bbox 218 1051 254 1104; x_wconf 90' lang='lat' dir='ltr'><strong>ut</strong></span> <span class='ocrx_word' id='word_1_6' title='bbox 282 1060 364 1123; x_wconf 91' lang='lat' dir='ltr'><strong>pene</strong></span> <span class='ocrx_word' id='word_1_7' title='bbox 390 1039 467 1102; x_wconf 90' lang='lat' dir='ltr'><strong>nihil</strong></span> <span class='ocrx_word' id='word_1_8' title='bbox 494 1034 534 1102; x_wconf 88' lang='lat' dir='ltr'><strong>sit</strong></span> <span class='ocrx_word' id='word_1_9' title='bbox 567 1038 607 1103; x_wconf 79' lang='lat' dir='ltr'><strong>ab</strong></span> <span class='ocrx_word' id='word_1_10' title='bbox 635 1056 676 1101; x_wconf 91' lang='lat' dir='ltr'><strong>eo</strong></span> <span class='ocrx_word' id='word_1_11' title='bbox 712 1058 780 1101; x_wconf 87' lang='lat' dir='ltr'><strong>non</strong></span> <span class='ocrx_word' id='word_1_12' title='bbox 813 1035 982 1102; x_wconf 78' lang='lat' dir='ltr'><strong>salubriter</strong></span> <span class='ocrx_word' id='word_1_13' title='bbox 1016 1047 1172 1100; x_wconf 72' lang='lat' dir='ltr'><strong>taxatum.</strong></span> 
     </span>
     <span class='ocr_line' id='line_1_3' title="bbox 144 1133 1173 1222; baseline -0.007 -16"><span class='ocrx_word' id='word_1_14' title='bbox 144 1144 246 1222; x_wconf 88' lang='lat' dir='ltr'><strong>Spero</strong></span> <span class='ocrx_word' id='word_1_15' title='bbox 278 1133 415 1203; x_wconf 78' lang='lat' dir='ltr'>subinde</span> <span class='ocrx_word' id='word_1_16' title='bbox 448 1136 495 1202; x_wconf 90' lang='lat' dir='ltr'><strong>his</strong></span> <span class='ocrx_word' id='word_1_17' title='bbox 523 1138 639 1202; x_wconf 86' lang='lat' dir='ltr'><strong>nostris</strong></span> <span class='ocrx_word' id='word_1_18' title='bbox 665 1138 960 1212; x_wconf 75' lang='lat' dir='ltr'><strong>exhortationihus,</strong></span> <span class='ocrx_word' id='word_1_19' title='bbox 1003 1137 1110 1199; x_wconf 84' lang='lat' dir='ltr'><strong>omnia</strong></span> <span class='ocrx_word' id='word_1_20' title='bbox 1136 1137 1173 1199; x_wconf 95' lang='lat' dir='ltr'><strong>in</strong></span> 
     </span>
     <span class='ocr_line' id='line_1_4' title="bbox 143 1238 1173 1325; baseline -0.008 -19"><span class='ocrx_word' id='word_1_21' title='bbox 143 1241 311 1325; x_wconf 86' lang='lat' dir='ltr'><strong>pristinum</strong></span> <span class='ocrx_word' id='word_1_22' title='bbox 337 1249 451 1302; x_wconf 75' lang='lat' dir='ltr'><strong>statum</strong></span> <span class='ocrx_word' id='word_1_23' title='bbox 476 1255 673 1302; x_wconf 78' lang='lat' dir='ltr'><strong>successura.</strong></span> <span class='ocrx_word' id='word_1_24' title='bbox 718 1240 868 1315; x_wconf 75' lang='lat' dir='ltr'><strong>Accedit,</strong></span> <span class='ocrx_word' id='word_1_25' title='bbox 900 1238 990 1321; x_wconf 85' lang='lat' dir='ltr'><strong>quod</strong></span> <span class='ocrx_word' id='word_1_26' title='bbox 1011 1248 1043 1299; x_wconf 87' lang='lat' dir='ltr'><strong>et</strong></span> <span class='ocrx_word' id='word_1_27' title='bbox 1064 1257 1173 1317; x_wconf 80' lang='lat' dir='ltr'>nuper</span> 
     </span>
     <span class='ocr_line' id='line_1_5' title="bbox 148 1328 1173 1421; baseline -0.005 -16"><span class='ocrx_word' id='word_1_28' title='bbox 148 1347 284 1405; x_wconf 78' lang='lat' dir='ltr'><strong>Carolus</strong></span> <span class='ocrx_word' id='word_1_29' title='bbox 301 1353 361 1403; x_wconf 79' lang='lat' dir='ltr'><strong>rer</strong></span> <span class='ocrx_word' id='word_1_30' title='bbox 378 1339 520 1402; x_wconf 89' lang='lat' dir='ltr'><strong>omnium</strong></span> <span class='ocrx_word' id='word_1_31' title='bbox 537 1330 790 1421; x_wconf 85' lang='lat' dir='ltr'><strong>potentissimus,</strong></span> <span class='ocrx_word' id='word_1_32' title='bbox 811 1338 909 1401; x_wconf 89' lang='lat' dir='ltr'><strong>totius</strong></span> <span class='ocrx_word' id='word_1_33' title='bbox 926 1328 1022 1419; x_wconf 81' lang='lat' dir='ltr'><strong>hujus</strong></span> <span class='ocrx_word' id='word_1_34' title='bbox 1039 1359 1173 1401; x_wconf 65' lang='lat' dir='ltr'><strong>sisinnio</strong></span> 
     </span>
     <span class='ocr_line' id='line_1_6' title="bbox 143 1438 1173 1519; baseline -0.004 -16"><span class='ocrx_word' id='word_1_35' title='bbox 143 1438 361 1503; x_wconf 82' lang='lat' dir='ltr'><strong>severissimus</strong></span> <span class='ocrx_word' id='word_1_36' title='bbox 383 1438 520 1514; x_wconf 80' lang='lat' dir='ltr'><strong>vindex,</strong></span> <span class='ocrx_word' id='word_1_37' title='bbox 557 1461 599 1501; x_wconf 87' lang='lat' dir='ltr'><strong>ex</strong></span> <span class='ocrx_word' id='word_1_38' title='bbox 625 1438 784 1519; x_wconf 83' lang='lat' dir='ltr'><strong>Hispaniis</strong></span> <span class='ocrx_word' id='word_1_39' title='bbox 807 1438 840 1501; x_wconf 85' lang='lat' dir='ltr'><strong>in</strong></span> <span class='ocrx_word' id='word_1_40' title='bbox 862 1438 1063 1502; x_wconf 76' lang='lat' dir='ltr'><strong>Germaniam</strong></span> <span class='ocrx_word' id='word_1_41' title='bbox 1091 1460 1173 1502; x_wconf 78' lang='lat' dir='ltr'><strong>con·</strong></span> 
     </span>
     <span class='ocr_line' id='line_1_7' title="bbox 142 1539 1171 1622; baseline 0.002 -22"><span class='ocrx_word' id='word_1_42' title='bbox 142 1539 288 1615; x_wconf 87' lang='lat' dir='ltr'><strong>cesserit,</strong></span> <span class='ocrx_word' id='word_1_43' title='bbox 327 1560 401 1602; x_wconf 88' lang='lat' dir='ltr'><strong>cum</strong></span> <span class='ocrx_word' id='word_1_44' title='bbox 426 1559 492 1622; x_wconf 87' lang='lat' dir='ltr'><strong>quo</strong></span> <span class='ocrx_word' id='word_1_45' title='bbox 525 1547 558 1601; x_wconf 88' lang='lat' dir='ltr'><strong>et</strong></span> <span class='ocrx_word' id='word_1_46' title='bbox 587 1560 649 1621; x_wconf 82' lang='lat' dir='ltr'><strong>ego</strong></span> <span class='ocrx_word' id='word_1_47' title='bbox 677 1539 888 1602; x_wconf 70' lang='lat' dir='ltr'><strong>transfretavi,</strong></span> <span class='ocrx_word' id='word_1_48' title='bbox 936 1540 967 1604; x_wconf 85' lang='lat' dir='ltr'><strong>Is</strong></span> <span class='ocrx_word' id='word_1_49' title='bbox 1002 1562 1065 1603; x_wconf 81' lang='lat' dir='ltr'><strong>uim</strong></span> <span class='ocrx_word' id='word_1_50' title='bbox 1095 1560 1171 1602; x_wconf 87' lang='lat' dir='ltr'><strong>cnm</strong></span> 
     </span>
     <span class='ocr_line' id='line_1_8' title="bbox 141 1638 1172 1719; baseline 0.002 -18"><span class='ocrx_word' id='word_1_51' title='bbox 141 1639 323 1703; x_wconf 78' lang='lat' dir='ltr'><strong>fortissimis</strong></span> <span class='ocrx_word' id='word_1_52' title='bbox 344 1640 438 1702; x_wconf 87' lang='lat' dir='ltr'><strong>etiam</strong></span> <span class='ocrx_word' id='word_1_53' title='bbox 461 1638 663 1719; x_wconf 82' lang='lat' dir='ltr'><strong>Principibus</strong></span> <span class='ocrx_word' id='word_1_54' title='bbox 684 1640 736 1717; x_wconf 90' lang='lat' dir='ltr'><strong>(ni</strong></span> <span class='ocrx_word' id='word_1_55' title='bbox 760 1640 873 1717; x_wconf 82' lang='lat' dir='ltr'><strong>l&#39;ullor)</strong></span> <span class='ocrx_word' id='word_1_56' title='bbox 893 1643 948 1705; x_wconf 90' lang='lat' dir='ltr'><strong>has</strong></span> <span class='ocrx_word' id='word_1_57' title='bbox 963 1643 997 1705; x_wconf 83' lang='lat' dir='ltr'><strong>ln</strong></span> <span class='ocrx_word' id='word_1_58' title='bbox 1017 1641 1172 1706; x_wconf 76' lang='lat' dir='ltr'><strong>Cluistia·</strong></span> 
     </span>
     <span class='ocr_line' id='line_1_9' title="bbox 141 1739 1171 1825; baseline 0.003 -23"><span class='ocrx_word' id='word_1_59' title='bbox 141 1760 185 1802; x_wconf 87' lang='lat' dir='ltr'><strong>no</strong></span> <span class='ocrx_word' id='word_1_60' title='bbox 208 1759 288 1822; x_wconf 79' lang='lat' dir='ltr'><strong>agro</strong></span> <span class='ocrx_word' id='word_1_61' title='bbox 308 1751 414 1820; x_wconf 87' lang='lat' dir='ltr'><strong>pestes</strong></span> <span class='ocrx_word' id='word_1_62' title='bbox 439 1739 629 1815; x_wconf 77' lang='lat' dir='ltr'><strong>eradicabit,</strong></span> <span class='ocrx_word' id='word_1_63' title='bbox 659 1739 830 1825; x_wconf 72' lang='lat' dir='ltr'><strong>omniaque</strong></span> <span class='ocrx_word' id='word_1_64' title='bbox 849 1743 1032 1817; x_wconf 84' lang='lat' dir='ltr'><strong>subvertet,</strong></span> <span class='ocrx_word' id='word_1_65' title='bbox 1062 1742 1171 1805; x_wconf 84' lang='lat' dir='ltr'><strong>autin</strong></span> 
     </span>
     <span class='ocr_line' id='line_1_10' title="bbox 141 1838 1173 1924; baseline 0.003 -21"><span class='ocrx_word' id='word_1_66' title='bbox 141 1841 253 1904; x_wconf 88' lang='lat' dir='ltr'><strong>melius</strong></span> <span class='ocrx_word' id='word_1_67' title='bbox 279 1839 476 1902; x_wconf 76' lang='lat' dir='ltr'><strong>reformabit.</strong></span> <span class='ocrx_word' id='word_1_68' title='bbox 522 1840 603 1901; x_wconf 79' lang='lat' dir='ltr'><strong>Nam</strong></span> <span class='ocrx_word' id='word_1_69' title='bbox 624 1838 770 1905; x_wconf 90' lang='lat' dir='ltr'><strong>curiosus</strong></span> <span class='ocrx_word' id='word_1_70' title='bbox 796 1840 937 1924; x_wconf 76' lang='lat' dir='ltr'><strong>alioquin</strong></span> <span class='ocrx_word' id='word_1_71' title='bbox 960 1860 1041 1923; x_wconf 83' lang='lat' dir='ltr'><strong>ego,</strong></span> <span class='ocrx_word' id='word_1_72' title='bbox 1072 1845 1173 1906; x_wconf 72' lang='lat' dir='ltr'><strong>multo</strong></span> 
     </span>
     <span class='ocr_line' id='line_1_11' title="bbox 141 1940 1172 2025; baseline 0.002 -20"><span class='ocrx_word' id='word_1_73' title='bbox 141 1961 184 2005; x_wconf 84' lang='lat' dir='ltr'><strong>er</strong></span> <span class='ocrx_word' id='word_1_74' title='bbox 208 1940 315 2003; x_wconf 81' lang='lat' dir='ltr'><strong>aulicis</strong></span> <span class='ocrx_word' id='word_1_75' title='bbox 342 1941 527 2017; x_wconf 81' lang='lat' dir='ltr'><strong>demulceo,</strong></span> <span class='ocrx_word' id='word_1_76' title='bbox 560 1950 823 2025; x_wconf 86' lang='lat' dir='ltr'><strong>compertumque</strong></span> <span class='ocrx_word' id='word_1_77' title='bbox 847 1942 967 2016; x_wconf 83' lang='lat' dir='ltr'><strong>habeo,</strong></span> <span class='ocrx_word' id='word_1_78' title='bbox 1004 1958 1116 2006; x_wconf 71' lang='lat' dir='ltr'><strong>omines</strong></span> <span class='ocrx_word' id='word_1_79' title='bbox 1136 1942 1172 2007; x_wconf 92' lang='lat' dir='ltr'><strong>id</strong></span> 
     </span>
     <span class='ocr_line' id='line_1_12' title="bbox 140 2038 1172 2123; baseline 0.003 -20"><span class='ocrx_word' id='word_1_80' title='bbox 140 2041 225 2104; x_wconf 84' lang='lat' dir='ltr'><strong>votis</strong></span> <span class='ocrx_word' id='word_1_81' title='bbox 252 2051 422 2123; x_wconf 89' lang='lat' dir='ltr'><strong>expetere,</strong></span> <span class='ocrx_word' id='word_1_82' title='bbox 448 2050 485 2102; x_wconf 94' lang='lat' dir='ltr'><strong>ut</strong></span> <span class='ocrx_word' id='word_1_83' title='bbox 508 2038 706 2104; x_wconf 74' lang='lat' dir='ltr'><strong>Christianus</strong></span> <span class='ocrx_word' id='word_1_84' title='bbox 735 2043 848 2104; x_wconf 87' lang='lat' dir='ltr'><strong>floreat</strong></span> <span class='ocrx_word' id='word_1_85' title='bbox 871 2062 977 2117; x_wconf 80' lang='lat' dir='ltr'><strong>umor,</strong></span> <span class='ocrx_word' id='word_1_86' title='bbox 1003 2043 1172 2106; x_wconf 55' lang='lat' dir='ltr'><strong>catholiea*</strong></span> 
     </span>
     <span class='ocr_line' id='line_1_13' title="bbox 140 2142 1171 2226; baseline 0.002 -21"><span class='ocrx_word' id='word_1_87' title='bbox 140 2160 225 2226; x_wconf 85' lang='lat' dir='ltr'><strong>que,</strong></span> <span class='ocrx_word' id='word_1_88' title='bbox 252 2142 639 2217; x_wconf 67' lang='lat' dir='ltr'><strong>annumerandum,</strong></span> <span class='ocrx_word' id='word_1_89' title='bbox 667 2153 787 2205; x_wconf 84' lang='lat' dir='ltr'><strong>crescat</strong></span> <span class='ocrx_word' id='word_1_90' title='bbox 803 2143 946 2206; x_wconf 80' lang='lat' dir='ltr'><strong>eeclesia.</strong></span> <span class='ocrx_word' id='word_1_91' title='bbox 984 2142 1037 2205; x_wconf 87' lang='lat' dir='ltr'><strong>Sic</strong></span> <span class='ocrx_word' id='word_1_92' title='bbox 1057 2143 1171 2220; x_wconf 78' lang='lat' dir='ltr'><strong>tacite,</strong></span> 
     </span>
     <span class='ocr_line' id='line_1_14' title="bbox 141 2240 1172 2325; baseline 0 -19"><span class='ocrx_word' id='word_1_93' title='bbox 141 2241 298 2321; x_wconf 79' lang='lat' dir='ltr'><strong>Muriori,</strong></span> <span class='ocrx_word' id='word_1_94' title='bbox 318 2240 479 2304; x_wconf 84' lang='lat' dir='ltr'><strong>communi</strong></span> <span class='ocrx_word' id='word_1_95' title='bbox 498 2240 603 2304; x_wconf 87' lang='lat' dir='ltr'><strong>dolori</strong></span> <span class='ocrx_word' id='word_1_96' title='bbox 620 2250 752 2318; x_wconf 85' lang='lat' dir='ltr'><strong>nostro,</strong></span> <span class='ocrx_word' id='word_1_97' title='bbox 772 2262 809 2305; x_wconf 80' lang='lat' dir='ltr'><strong>sc</strong></span> <span class='ocrx_word' id='word_1_98' title='bbox 824 2242 1006 2325; x_wconf 69' lang='lat' dir='ltr'><strong>reipublice</strong></span> <span class='ocrx_word' id='word_1_99' title='bbox 1019 2242 1172 2308; x_wconf 77' lang='lat' dir='ltr'><strong>Christis·</strong></span> 
     </span>
     <span class='ocr_line' id='line_1_15' title="bbox 141 2337 1170 2428; baseline 0.001 -21"><span class='ocrx_word' id='word_1_100' title='bbox 141 2364 189 2408; x_wconf 77' lang='lat' dir='ltr'><strong>ne</strong></span> <span class='ocrx_word' id='word_1_101' title='bbox 216 2345 410 2406; x_wconf 62' lang='lat' dir='ltr'><strong>consuletur,</strong></span> <span class='ocrx_word' id='word_1_102' title='bbox 462 2337 586 2405; x_wconf 86' lang='lat' dir='ltr'><strong>Verum</strong></span> <span class='ocrx_word' id='word_1_103' title='bbox 614 2362 635 2405; x_wconf 92' lang='lat' dir='ltr'><strong>o</strong></span> <span class='ocrx_word' id='word_1_104' title='bbox 665 2345 794 2419; x_wconf 82' lang='lat' dir='ltr'><strong>coelum,</strong></span> <span class='ocrx_word' id='word_1_105' title='bbox 831 2363 853 2406; x_wconf 91' lang='lat' dir='ltr'><strong>o</strong></span> <span class='ocrx_word' id='word_1_106' title='bbox 875 2354 978 2419; x_wconf 85' lang='lat' dir='ltr'><strong>terra,</strong></span> <span class='ocrx_word' id='word_1_107' title='bbox 1015 2354 1170 2428; x_wconf 80' lang='lat' dir='ltr'><strong>qtisntrnn</strong></span> 
     </span>
     <span class='ocr_line' id='line_1_16' title="bbox 143 2440 1171 2525; baseline 0.003 -20"><span class='ocrx_word' id='word_1_108' title='bbox 143 2443 368 2525; x_wconf 75' lang='lat' dir='ltr'><strong>&#39;l&#39;heologsst&#39;ri</strong></span> <span class='ocrx_word' id='word_1_109' title='bbox 396 2442 498 2505; x_wconf 87' lang='lat' dir='ltr'><strong>nostri</strong></span> <span class='ocrx_word' id='word_1_110' title='bbox 524 2463 565 2504; x_wconf 91' lang='lat' dir='ltr'><strong>ne</strong></span> <span class='ocrx_word' id='word_1_111' title='bbox 590 2440 624 2506; x_wconf 91' lang='lat' dir='ltr'><strong>id</strong></span> <span class='ocrx_word' id='word_1_112' title='bbox 646 2445 700 2507; x_wconf 76' lang='lat' dir='ltr'><strong>litt</strong></span> <span class='ocrx_word' id='word_1_113' title='bbox 725 2443 895 2507; x_wconf 85' lang='lat' dir='ltr'><strong>resistuntt</strong></span> <span class='ocrx_word' id='word_1_114' title='bbox 930 2442 1115 2523; x_wconf 76' lang='lat' dir='ltr'><strong>inexplebili</strong></span> <span class='ocrx_word' id='word_1_115' title='bbox 1137 2452 1171 2508; x_wconf 88' lang='lat' dir='ltr'><strong>et</strong></span> 
     </span>
     <span class='ocr_line' id='line_1_17' title="bbox 141 2543 1170 2626; baseline 0.002 -20"><span class='ocrx_word' id='word_1_116' title='bbox 141 2553 308 2607; x_wconf 74' lang='lat' dir='ltr'><strong>excaecate</strong></span> <span class='ocrx_word' id='word_1_117' title='bbox 339 2560 452 2605; x_wconf 79' lang='lat' dir='ltr'><strong>sonim</strong></span> <span class='ocrx_word' id='word_1_118' title='bbox 481 2543 618 2605; x_wconf 76' lang='lat' dir='ltr'><strong>avaritie</strong></span> <span class='ocrx_word' id='word_1_119' title='bbox 644 2550 832 2608; x_wconf 85' lang='lat' dir='ltr'><strong>metuentes.</strong></span> <span class='ocrx_word' id='word_1_120' title='bbox 886 2543 962 2606; x_wconf 86' lang='lat' dir='ltr'><strong>Hoc</strong></span> <span class='ocrx_word' id='word_1_121' title='bbox 987 2546 1088 2626; x_wconf 77' lang='lat' dir='ltr'><strong>palam</strong></span> <span class='ocrx_word' id='word_1_122' title='bbox 1120 2554 1170 2608; x_wconf 85' lang='lat' dir='ltr'><strong>est</strong></span> 
     </span>
     <span class='ocr_line' id='line_1_18' title="bbox 142 2640 1169 2725; baseline 0.001 -18"><span class='ocrx_word' id='word_1_123' title='bbox 142 2643 308 2719; x_wconf 89' lang='lat' dir='ltr'><strong>omnibus,</strong></span> <span class='ocrx_word' id='word_1_124' title='bbox 338 2655 417 2725; x_wconf 89' lang='lat' dir='ltr'><strong>quot</strong></span> <span class='ocrx_word' id='word_1_125' title='bbox 440 2640 607 2725; x_wconf 76' lang='lat' dir='ltr'><strong>tragoedias</strong></span> <span class='ocrx_word' id='word_1_126' title='bbox 629 2645 789 2707; x_wconf 83' lang='lat' dir='ltr'><strong>moverint</strong></span> <span class='ocrx_word' id='word_1_127' title='bbox 812 2645 987 2706; x_wconf 76' lang='lat' dir='ltr'><strong>thellanie</strong></span> <span class='ocrx_word' id='word_1_128' title='bbox 1008 2645 1169 2725; x_wconf 69' lang='lat' dir='ltr'><strong>pravitatis</strong></span> 
     </span>
     <span class='ocr_line' id='line_1_19' title="bbox 140 2743 1170 2829; baseline 0 -22"><span class='ocrx_word' id='word_1_129' title='bbox 140 2743 381 2829; x_wconf 85' lang='lat' dir='ltr'><strong>inquinatores,</strong></span> <span class='ocrx_word' id='word_1_130' title='bbox 409 2754 488 2826; x_wconf 87' lang='lat' dir='ltr'><strong>quot</strong></span> <span class='ocrx_word' id='word_1_131' title='bbox 506 2745 634 2807; x_wconf 84' lang='lat' dir='ltr'><strong>tandein</strong></span> <span class='ocrx_word' id='word_1_132' title='bbox 651 2755 684 2805; x_wconf 87' lang='lat' dir='ltr'><strong>et</strong></span> <span class='ocrx_word' id='word_1_133' title='bbox 704 2743 855 2823; x_wconf 75' lang='lat' dir='ltr'><strong>Magistri</strong></span> <span class='ocrx_word' id='word_1_134' title='bbox 878 2744 996 2820; x_wconf 87' lang='lat' dir='ltr'><strong>nostri,</strong></span> <span class='ocrx_word' id='word_1_135' title='bbox 1024 2743 1170 2825; x_wconf 86' lang='lat' dir='ltr'><strong>ejusdem</strong></span> 
     </span>
     <span class='ocr_line' id='line_1_20' title="bbox 141 2841 1171 2926; baseline 0.001 -20"><span class='ocrx_word' id='word_1_136' title='bbox 141 2843 250 2907; x_wconf 72' lang='lat' dir='ltr'><strong>iatine</strong></span> <span class='ocrx_word' id='word_1_137' title='bbox 271 2841 492 2924; x_wconf 80' lang='lat' dir='ltr'><strong>professores,</strong></span> <span class='ocrx_word' id='word_1_138' title='bbox 519 2843 688 2926; x_wconf 79' lang='lat' dir='ltr'><strong>insurgunt</strong></span> <span class='ocrx_word' id='word_1_139' title='bbox 704 2857 789 2905; x_wconf 90' lang='lat' dir='ltr'><strong>nune</strong></span> <span class='ocrx_word' id='word_1_140' title='bbox 807 2842 1005 2919; x_wconf 85' lang='lat' dir='ltr'><strong>Minoristae,</strong></span> <span class='ocrx_word' id='word_1_141' title='bbox 1027 2844 1171 2907; x_wconf 88' lang='lat' dir='ltr'><strong>omnium</strong></span> 
     </span>
     <span class='ocr_line' id='line_1_21' title="bbox 140 2943 1169 3028; baseline 0.002 -22"><span class='ocrx_word' id='word_1_142' title='bbox 140 2943 280 3019; x_wconf 86' lang='lat' dir='ltr'><strong>minimi,</strong></span> <span class='ocrx_word' id='word_1_143' title='bbox 308 2944 385 3006; x_wconf 80' lang='lat' dir='ltr'><strong>ovili</strong></span> <span class='ocrx_word' id='word_1_144' title='bbox 404 2945 543 3025; x_wconf 82' lang='lat' dir='ltr'><strong>tegmine</strong></span> <span class='ocrx_word' id='word_1_145' title='bbox 564 2954 771 3024; x_wconf 78' lang='lat' dir='ltr'><strong>apparentes,</strong></span> <span class='ocrx_word' id='word_1_146' title='bbox 803 2964 839 3005; x_wconf 87' lang='lat' dir='ltr'><strong>ac</strong></span> <span class='ocrx_word' id='word_1_147' title='bbox 860 2944 988 3008; x_wconf 85' lang='lat' dir='ltr'><strong>maximi</strong></span> <span class='ocrx_word' id='word_1_148' title='bbox 1009 2945 1169 3028; x_wconf 76' lang='lat' dir='ltr'><strong>primique</strong></span> 
     </span>
     <span class='ocr_line' id='line_1_22' title="bbox 141 3042 1169 3124; baseline 0.003 -20"><span class='ocrx_word' id='word_1_149' title='bbox 141 3043 386 3121; x_wconf 76' lang='lat' dir='ltr'><strong>triumphatores</strong></span> <span class='ocrx_word' id='word_1_150' title='bbox 423 3043 493 3107; x_wconf 85' lang='lat' dir='ltr'><strong>lieri</strong></span> <span class='ocrx_word' id='word_1_151' title='bbox 527 3043 701 3124; x_wconf 82' lang='lat' dir='ltr'><strong>cupientes.</strong></span> <span class='ocrx_word' id='word_1_152' title='bbox 762 3042 866 3106; x_wconf 80' lang='lat' dir='ltr'><strong>Valde</strong></span> <span class='ocrx_word' id='word_1_153' title='bbox 904 3044 952 3106; x_wconf 92' lang='lat' dir='ltr'><strong>his</strong></span> <span class='ocrx_word' id='word_1_154' title='bbox 990 3045 1169 3121; x_wconf 88' lang='lat' dir='ltr'><strong>condoleo,</strong></span> 
     </span>
     <span class='ocr_line' id='line_1_23' title="bbox 141 3142 1171 3229; baseline 0.006 -25"><span class='ocrx_word' id='word_1_155' title='bbox 141 3157 242 3229; x_wconf 83' lang='lat' dir='ltr'><strong>quum</strong></span> <span class='ocrx_word' id='word_1_156' title='bbox 272 3143 334 3227; x_wconf 91' lang='lat' dir='ltr'><strong>ipsi</strong></span> <span class='ocrx_word' id='word_1_157' title='bbox 365 3143 425 3206; x_wconf 89' lang='lat' dir='ltr'><strong>sibi</strong></span> <span class='ocrx_word' id='word_1_158' title='bbox 453 3164 519 3206; x_wconf 90' lang='lat' dir='ltr'><strong>non</strong></span> <span class='ocrx_word' id='word_1_159' title='bbox 557 3144 664 3206; x_wconf 78' lang='lat' dir='ltr'><strong>vocati</strong></span> <span class='ocrx_word' id='word_1_160' title='bbox 698 3157 820 3207; x_wconf 76' lang='lat' dir='ltr'><strong>cornua</strong></span> <span class='ocrx_word' id='word_1_161' title='bbox 852 3142 988 3227; x_wconf 88' lang='lat' dir='ltr'><strong>erigant.</strong></span> <span class='ocrx_word' id='word_1_162' title='bbox 1046 3146 1171 3210; x_wconf 88' lang='lat' dir='ltr'><strong>Estimo</strong></span> 
     </span>
     <span class='ocr_line' id='line_1_24' title="bbox 139 3243 1173 3318; baseline 0.001 -9"><span class='ocrx_word' id='word_1_163' title='bbox 139 3257 246 3309; x_wconf 86' lang='lat' dir='ltr'><strong>umen</strong></span> <span class='ocrx_word' id='word_1_164' title='bbox 279 3266 346 3308; x_wconf 90' lang='lat' dir='ltr'><strong>non</strong></span> <span class='ocrx_word' id='word_1_165' title='bbox 376 3245 536 3307; x_wconf 86' lang='lat' dir='ltr'><strong>communi</strong></span> <span class='ocrx_word' id='word_1_166' title='bbox 564 3259 677 3306; x_wconf 84' lang='lat' dir='ltr'><strong>eorum</strong></span> <span class='ocrx_word' id='word_1_167' title='bbox 705 3256 803 3318; x_wconf 82' lang='lat' dir='ltr'><strong>voto,</strong></span> <span class='ocrx_word' id='word_1_168' title='bbox 840 3243 1092 3310; x_wconf 86' lang='lat' dir='ltr'><strong>Ainleldienscm</strong></span> <span class='ocrx_word' id='word_1_169' title='bbox 1127 3249 1173 3311; x_wconf 71' lang='lat' dir='ltr'><strong>ita</strong></span> 
     </span>
     <span class='ocr_line' id='line_1_25' title="bbox 142 3344 1171 3434; baseline 0.001 -24"><span class='ocrx_word' id='word_1_170' title='bbox 142 3346 382 3421; x_wconf 76' lang='lat' dir='ltr'><strong>sinleldiaiiter,</strong></span> <span class='ocrx_word' id='word_1_171' title='bbox 420 3347 471 3406; x_wconf 82' lang='lat' dir='ltr'><strong>vel</strong></span> <span class='ocrx_word' id='word_1_172' title='bbox 497 3344 671 3407; x_wconf 88' lang='lat' dir='ltr'><strong>seeundum</strong></span> <span class='ocrx_word' id='word_1_173' title='bbox 700 3345 875 3406; x_wconf 81' lang='lat' dir='ltr'><strong>Ductorem</strong></span> <span class='ocrx_word' id='word_1_174' title='bbox 902 3346 1065 3422; x_wconf 88' lang='lat' dir='ltr'><strong>subtilem,</strong></span> <span class='ocrx_word' id='word_1_175' title='bbox 1102 3371 1171 3434; x_wconf 87' lang='lat' dir='ltr'><strong>qno</strong></span> 
     </span>
     <span class='ocr_line' id='line_1_26' title="bbox 138 3438 1171 3528; baseline -0.001 -20"><span class='ocrx_word' id='word_1_176' title='bbox 138 3446 253 3508; x_wconf 86' lang='lat' dir='ltr'><strong>meiius</strong></span> <span class='ocrx_word' id='word_1_177' title='bbox 284 3445 404 3525; x_wconf 79' lang='lat' dir='ltr'><strong>capias,</strong></span> <span class='ocrx_word' id='word_1_178' title='bbox 442 3445 507 3505; x_wconf 85' lang='lat' dir='ltr'><strong>also</strong></span> <span class='ocrx_word' id='word_1_179' title='bbox 540 3438 701 3524; x_wconf 82' lang='lat' dir='ltr'><strong>einialtig,</strong></span> <span class='ocrx_word' id='word_1_180' title='bbox 739 3458 807 3506; x_wconf 87' lang='lat' dir='ltr'><strong>rem</strong></span> <span class='ocrx_word' id='word_1_181' title='bbox 836 3444 993 3528; x_wconf 75' lang='lat' dir='ltr'><strong>attigisse,</strong></span> <span class='ocrx_word' id='word_1_182' title='bbox 1034 3449 1080 3512; x_wconf 81' lang='lat' dir='ltr'><strong>sie</strong></span> <span class='ocrx_word' id='word_1_183' title='bbox 1106 3467 1171 3513; x_wconf 79' lang='lat' dir='ltr'><strong>noe</strong></span> 
     </span>
     <span class='ocr_line' id='line_1_27' title="bbox 143 3541 1169 3631; baseline 0.006 -25"><span class='ocrx_word' id='word_1_184' title='bbox 143 3554 274 3606; x_wconf 76' lang='lat' dir='ltr'><strong>cetoros</strong></span> <span class='ocrx_word' id='word_1_185' title='bbox 298 3543 354 3630; x_wconf 90' lang='lat' dir='ltr'><strong>qui</strong></span> <span class='ocrx_word' id='word_1_186' title='bbox 377 3541 567 3624; x_wconf 75' lang='lat' dir='ltr'><strong>evangelicis</strong></span> <span class='ocrx_word' id='word_1_187' title='bbox 593 3542 677 3607; x_wconf 90' lang='lat' dir='ltr'><strong>tubis</strong></span> <span class='ocrx_word' id='word_1_188' title='bbox 691 3563 788 3605; x_wconf 83' lang='lat' dir='ltr'><strong>mare</strong></span> <span class='ocrx_word' id='word_1_189' title='bbox 814 3544 973 3610; x_wconf 83' lang='lat' dir='ltr'><strong>minantur</strong></span> <span class='ocrx_word' id='word_1_190' title='bbox 1000 3564 1169 3631; x_wconf 79' lang='lat' dir='ltr'><strong>magnum,</strong></span> 
     </span>
     <span class='ocr_line' id='line_1_28' title="bbox 142 3642 1170 3730; baseline 0.006 -22"><span class='ocrx_word' id='word_1_191' title='bbox 142 3655 177 3708; x_wconf 75' lang='lat' dir='ltr'><strong>et</strong></span> <span class='ocrx_word' id='word_1_192' title='bbox 196 3643 306 3707; x_wconf 83' lang='lat' dir='ltr'><strong>nescio</strong></span> <span class='ocrx_word' id='word_1_193' title='bbox 335 3654 414 3727; x_wconf 93' lang='lat' dir='ltr'><strong>quot</strong></span> <span class='ocrx_word' id='word_1_194' title='bbox 433 3642 662 3706; x_wconf 78' lang='lat' dir='ltr'><strong>execrationes.</strong></span> <span class='ocrx_word' id='word_1_195' title='bbox 710 3645 741 3707; x_wconf 94' lang='grc' dir='ltr'><strong>Ο</strong></span> <span class='ocrx_word' id='word_1_196' title='bbox 762 3643 905 3722; x_wconf 84' lang='lat' dir='ltr'><strong>Christe,</strong></span> <span class='ocrx_word' id='word_1_197' title='bbox 938 3659 1017 3730; x_wconf 82' lang='lat' dir='ltr'><strong>quot</strong></span> <span class='ocrx_word' id='word_1_198' title='bbox 1041 3660 1084 3713; x_wconf 81' lang='lat' dir='ltr'><strong>etr</strong></span> <span class='ocrx_word' id='word_1_199' title='bbox 1107 3650 1170 3713; x_wconf 89' lang='lat' dir='ltr'><strong>tuis</strong></span> 
     </span>
     <span class='ocr_line' id='line_1_29' title="bbox 143 3743 1171 3834; baseline 0.004 -25"><span class='ocrx_word' id='word_1_200' title='bbox 143 3743 296 3821; x_wconf 67' lang='lat' dir='ltr'><strong>orieldis,</strong></span> <span class='ocrx_word' id='word_1_201' title='bbox 316 3756 373 3806; x_wconf 89' lang='lat' dir='ltr'><strong>tuo</strong></span> <span class='ocrx_word' id='word_1_202' title='bbox 392 3744 533 3824; x_wconf 79' lang='lat' dir='ltr'><strong>pretioso</strong></span> <span class='ocrx_word' id='word_1_203' title='bbox 552 3743 705 3826; x_wconf 79' lang='lat' dir='ltr'><strong>saiigume</strong></span> <span class='ocrx_word' id='word_1_204' title='bbox 719 3747 908 3828; x_wconf 82' lang='lat' dir='ltr'><strong>redemptis,</strong></span> <span class='ocrx_word' id='word_1_205' title='bbox 928 3748 962 3809; x_wconf 92' lang='lat' dir='ltr'><strong>in</strong></span> <span class='ocrx_word' id='word_1_206' title='bbox 977 3750 1038 3809; x_wconf 86' lang='lat' dir='ltr'><strong>hoc</strong></span> <span class='ocrx_word' id='word_1_207' title='bbox 1054 3752 1171 3834; x_wconf 75' lang='lat' dir='ltr'><strong>pelago</strong></span> 
     </span>
     <span class='ocr_line' id='line_1_30' title="bbox 145 3844 1172 3929; baseline 0.004 -17"><span class='ocrx_word' id='word_1_208' title='bbox 145 3848 304 3913; x_wconf 75' lang='lat' dir='ltr'><strong>suffocare</strong></span> <span class='ocrx_word' id='word_1_209' title='bbox 332 3848 423 3907; x_wconf 81' lang='lat' dir='ltr'><strong>siniti</strong></span> <span class='ocrx_word' id='word_1_210' title='bbox 460 3845 547 3925; x_wconf 82' lang='lat' dir='ltr'><strong>Quas</strong></span> <span class='ocrx_word' id='word_1_211' title='bbox 576 3857 606 3904; x_wconf 91' lang='lat' dir='ltr'><strong>et</strong></span> <span class='ocrx_word' id='word_1_212' title='bbox 635 3845 663 3906; x_wconf 88' lang='lat' dir='ltr'><strong>si</strong></span> <span class='ocrx_word' id='word_1_213' title='bbox 691 3844 740 3906; x_wconf 90' lang='lat' dir='ltr'><strong>bis</strong></span> <span class='ocrx_word' id='word_1_214' title='bbox 776 3847 957 3929; x_wconf 77' lang='lat' dir='ltr'><strong>oehiaginto</strong></span> <span class='ocrx_word' id='word_1_215' title='bbox 981 3849 1172 3916; x_wconf 84' lang='lat' dir='ltr'><strong>ducatorum</strong></span> 
     </span>
     <span class='ocr_line' id='line_1_31' title="bbox 144 3945 1174 4028; baseline 0.001 -13"><span class='ocrx_word' id='word_1_216' title='bbox 144 3948 257 4024; x_wconf 69' lang='lat' dir='ltr'><strong>millis,</strong></span> <span class='ocrx_word' id='word_1_217' title='bbox 278 3947 411 4010; x_wconf 83' lang='lat' dir='ltr'><strong>subdola</strong></span> <span class='ocrx_word' id='word_1_218' title='bbox 425 3945 624 4007; x_wconf 81' lang='lat' dir='ltr'><strong>mendicitate</strong></span> <span class='ocrx_word' id='word_1_219' title='bbox 640 3947 830 4021; x_wconf 70' lang='lat' dir='ltr'><strong>enuntiarent,</strong></span> <span class='ocrx_word' id='word_1_220' title='bbox 850 3968 916 4009; x_wconf 90' lang='lat' dir='ltr'><strong>non</strong></span> <span class='ocrx_word' id='word_1_221' title='bbox 931 3960 1061 4028; x_wconf 87' lang='lat' dir='ltr'><strong>possent</strong></span> <span class='ocrx_word' id='word_1_222' title='bbox 1077 3972 1174 4015; x_wconf 71' lang='lat' dir='ltr'><strong>recu·</strong></span> 
     </span>
     <span class='ocr_line' id='line_1_32' title="bbox 144 4046 1172 4134; baseline 0 -21"><span class='ocrx_word' id='word_1_223' title='bbox 144 4071 273 4134; x_wconf 81' lang='lat' dir='ltr'><strong>perure,</strong></span> <span class='ocrx_word' id='word_1_224' title='bbox 307 4049 389 4110; x_wconf 92' lang='lat' dir='ltr'><strong>duos</strong></span> <span class='ocrx_word' id='word_1_225' title='bbox 409 4048 534 4130; x_wconf 82' lang='lat' dir='ltr'><strong>galeros</strong></span> <span class='ocrx_word' id='word_1_226' title='bbox 561 4048 612 4107; x_wconf 85' lang='lat' dir='ltr'><strong>vel</strong></span> <span class='ocrx_word' id='word_1_227' title='bbox 631 4046 723 4108; x_wconf 77' lang='lat' dir='ltr'><strong>etiam</strong></span> <span class='ocrx_word' id='word_1_228' title='bbox 748 4047 923 4110; x_wconf 86' lang='lat' dir='ltr'><strong>secundum</strong></span> <span class='ocrx_word' id='word_1_229' title='bbox 947 4048 1013 4111; x_wconf 80' lang='lat' dir='ltr'><strong>lori</strong></span> <span class='ocrx_word' id='word_1_230' title='bbox 1040 4071 1172 4134; x_wconf 82' lang='lat' dir='ltr'><strong>compe·</strong></span> 
     </span>
     <span class='ocr_line' id='line_1_33' title="bbox 145 4144 1173 4228; baseline 0.003 -15"><span class='ocrx_word' id='word_1_231' title='bbox 145 4151 274 4214; x_wconf 82' lang='lat' dir='ltr'><strong>tentiam</strong></span> <span class='ocrx_word' id='word_1_232' title='bbox 295 4164 479 4228; x_wconf 80' lang='lat' dir='ltr'><strong>comparare</strong></span> <span class='ocrx_word' id='word_1_233' title='bbox 496 4150 635 4228; x_wconf 87' lang='lat' dir='ltr'><strong>possent.</strong></span> <span class='ocrx_word' id='word_1_234' title='bbox 672 4147 732 4207; x_wconf 89' lang='lat' dir='ltr'><strong>His</strong></span> <span class='ocrx_word' id='word_1_235' title='bbox 752 4144 866 4209; x_wconf 85' lang='lat' dir='ltr'><strong>iterum</strong></span> <span class='ocrx_word' id='word_1_236' title='bbox 883 4149 1015 4211; x_wconf 89' lang='lat' dir='ltr'><strong>venenis</strong></span> <span class='ocrx_word' id='word_1_237' title='bbox 1031 4150 1173 4216; x_wconf 79' lang='lat' dir='ltr'><strong>Marsori</strong></span> 
     </span>
     <span class='ocr_line' id='line_1_34' title="bbox 146 4244 1173 4334; baseline -0.001 -21"><span class='ocrx_word' id='word_1_238' title='bbox 146 4267 334 4316; x_wconf 87' lang='lat' dir='ltr'><strong>succurrere</strong></span> <span class='ocrx_word' id='word_1_239' title='bbox 358 4251 490 4322; x_wconf 82' lang='lat' dir='ltr'><strong>volens,</strong></span> <span class='ocrx_word' id='word_1_240' title='bbox 525 4245 786 4325; x_wconf 83' lang='lat' dir='ltr'><strong>supplicationem</strong></span> <span class='ocrx_word' id='word_1_241' title='bbox 811 4248 850 4309; x_wconf 84' lang='lat' dir='ltr'><strong>ad</strong></span> <span class='ocrx_word' id='word_1_242' title='bbox 871 4249 902 4310; x_wconf 79' lang='lat' dir='ltr'><strong>S.</strong></span> <span class='ocrx_word' id='word_1_243' title='bbox 927 4250 969 4313; x_wconf 82' lang='lat' dir='ltr'><strong>D.</strong></span> <span class='ocrx_word' id='word_1_244' title='bbox 992 4253 1030 4314; x_wconf 71' lang='lat' dir='ltr'><strong>N·</strong></span> <span class='ocrx_word' id='word_1_245' title='bbox 1050 4244 1173 4334; x_wconf 73' lang='lat' dir='ltr'><strong>Papsun</strong></span> 
     </span>
     <span class='ocr_line' id='line_1_35' title="bbox 147 4346 1174 4435; baseline -0.003 -20"><span class='ocrx_word' id='word_1_246' title='bbox 147 4348 249 4427; x_wconf 89' lang='lat' dir='ltr'><strong>edidi,</strong></span> <span class='ocrx_word' id='word_1_247' title='bbox 286 4351 342 4435; x_wconf 84' lang='lat' dir='ltr'><strong>qui</strong></span> <span class='ocrx_word' id='word_1_248' title='bbox 365 4346 482 4412; x_wconf 88' lang='lat' dir='ltr'><strong>horum</strong></span> <span class='ocrx_word' id='word_1_249' title='bbox 503 4356 597 4427; x_wconf 85' lang='lat' dir='ltr'><strong>caput</strong></span> <span class='ocrx_word' id='word_1_250' title='bbox 623 4358 685 4422; x_wconf 88' lang='lat' dir='ltr'><strong>est,</strong></span> <span class='ocrx_word' id='word_1_251' title='bbox 717 4354 868 4431; x_wconf 81' lang='lat' dir='ltr'><strong>qirairtum</strong></span> <span class='ocrx_word' id='word_1_252' title='bbox 887 4346 948 4429; x_wconf 82' lang='lat' dir='ltr'><strong>ipsi</strong></span> <span class='ocrx_word' id='word_1_253' title='bbox 972 4353 1093 4414; x_wconf 72' lang='lat' dir='ltr'><strong>volunt.</strong></span> <span class='ocrx_word' id='word_1_254' title='bbox 1134 4356 1174 4418; x_wconf 83' lang='lat' dir='ltr'><strong>ln</strong></span> 
     </span>
     <span class='ocr_line' id='line_1_36' title="bbox 147 4445 1176 4538; baseline 0.001 -22"><span class='ocrx_word' id='word_1_255' title='bbox 147 4452 278 4538; x_wconf 87' lang='lat' dir='ltr'><strong>reliquis</strong></span> <span class='ocrx_word' id='word_1_256' title='bbox 307 4450 402 4514; x_wconf 84' lang='lat' dir='ltr'><strong>etiam</strong></span> <span class='ocrx_word' id='word_1_257' title='bbox 435 4448 520 4511; x_wconf 84' lang='lat' dir='ltr'><strong>hune</strong></span> <span class='ocrx_word' id='word_1_258' title='bbox 544 4445 580 4508; x_wconf 89' lang='lat' dir='ltr'><strong>in</strong></span> <span class='ocrx_word' id='word_1_259' title='bbox 614 4468 699 4510; x_wconf 83' lang='lat' dir='ltr'><strong>mure</strong></span> <span class='ocrx_word' id='word_1_260' title='bbox 728 4469 876 4530; x_wconf 75' lang='lat' dir='ltr'><strong>niegnum</strong></span> <span class='ocrx_word' id='word_1_261' title='bbox 907 4449 1098 4532; x_wconf 78' lang='lat' dir='ltr'><strong>projiciunt3</strong></span> <span class='ocrx_word' id='word_1_262' title='bbox 1136 4466 1176 4521; x_wconf 83' lang='lat' dir='ltr'><strong>ut</strong></span> 
     </span>
    </p>
   </div>
   <div class='ocr_carea' id='block_1_3' title="bbox 0 0 1316 5108">
    <p class='ocr_par' dir='ltr' id='par_1_3' title="bbox 0 0 1316 5108">
     <span class='ocr_line' id='line_1_37' title="bbox 0 0 1316 5108; baseline 0 0"><span class='ocrx_word' id='word_1_263' title='bbox 0 0 1316 5108; x_wconf 95' lang='lat' dir='ltr'><strong> </strong></span> 
     </span>
    </p>
   </div>
  </div>
 </body>
</html>
