2624 5108
995 428 1002 437 .

544 779 581 851 in
607 778 755 853 Tuscos.
978 892 988 903 ..
1026 882 1031 891 ι
1084 786 1157 858 518

142 992 293 1065 summurn
327 983 473 1037 votonrm
506 990 636 1034 suorum
661 971 901 1047 conscendisse,
927 982 961 1037 et
979 972 1069 1059 qnod
1091 964 1157 1039 tots

142 1074 206 1137 rita
225 1084 354 1136 conatus
374 1085 439 1148 est,
456 1083 493 1133 ut
510 1072 688 1133 consultum
706 1082 788 1133 esset
806 1072 986 1155 reipublice
1005 1072 1157 1137 Christis·

142 1197 210 1248 nce,
238 1175 270 1235 in
289 1194 341 1249 se,
361 1170 590 1254 expergefactis
611 1161 701 1234 bivbs
716 1171 919 1247 ,obtinuisse,
937 1172 1014 1233 nihil
1031 1172 1165 1255 interint¹

143 1273 309 1346 sollicitus,
331 1274 418 1353 qnod
437 1292 496 1332 vos
515 1274 629 1333 multos
649 1281 679 1330 ot
699 1280 843 1351 potentes
862 1269 952 1346 juxto
968 1292 1004 1334 se
1021 1270 1054 1332 in
1074 1274 1157 1336 Ger·

143 1374 244 1435 manin
262 1373 425 1451 Principes
447 1371 567 1444 vident,
598 1391 657 1432 nec
681 1368 799 1431 idcirco
819 1368 1015 1432 imminutum
1035 1391 1070 1433 se
1089 1372 1158 1433 exi·

143 1474 285 1546 stimans,
305 1472 381 1535 nilril
395 1468 513 1552 magis,
535 1491 629 1552 quani
644 1469 733 1551 quod
751 1488 860 1531 monus
880 1469 973 1531 habet
992 1470 1025 1531 in
1043 1474 1159 1534 multos

144 1574 292 1635 dissectas
311 1571 447 1652 digitos,
467 1582 498 1632 et
517 1569 561 1631 ob
578 1569 612 1631 id
630 1569 668 1630 ad
688 1589 769 1649 opus
783 1568 961 1632 laciendum
981 1570 1160 1635 habiliores.

144 1675 216 1734 Hoc
241 1674 332 1752 petit,
355 1673 416 1731 lioc
445 1669 572 1732 summis
591 1668 674 1730 uotis
694 1679 800 1745 optat,
830 1678 865 1729 ut
882 1667 941 1730 ists
960 1689 1019 1731 suo
1040 1670 1158 1734 corive·

144 1773 229 1833 niant
256 1770 385 1850 corpori
411 1769 565 1842 membra,
594 1788 718 1851 suoque
737 1766 857 1829 subsint
875 1769 988 1848 capiti,
1017 1771 1162 1853 quando·

146 1872 273 1953 quidem
307 1871 365 1933 alia
395 1872 479 1930 nnlla
513 1867 634 1930 notione
670 1886 787 1947 corpus
816 1868 919 1948 ipsum
945 1879 1162 1933 constaturunr

146 1972 242 2033 videt.
280 1970 349 2030 Vos
374 1968 489 2048 igitur,
514 1968 610 2058 'quosl
639 1969 689 2029 ille
716 1978 778 2028 tam
807 1970 921 2049 cupide
941 1967 1037 2049 petit,
1065 1980 1101 2031 ut
1118 1969 1160 2031 sd

145 2070 305 2139 sanitatem
323 2068 477 2142 redeatis,
495 2066 607 2142 facite,
627 2088 668 2128 ne
687 2066 775 2149 (prod
786 2077 897 2130 vestris
910 2066 1016 2127 salutis
1030 2067 1161 2130 nornine

147 2170 317 2253 queritur,
349 2168 379 2229 ei
414 2187 478 2249 qno
511 2167 613 2230 minus
647 2178 808 2247 acceptum
837 2166 877 2228 sit
910 2163 1067 2227 obstitisse
1098 2164 1161 2246 ipsi

146 2269 323 2329 videamini.
376 2267 538 2330 Admittite
578 2266 762 2341 eonsilium,
808 2264 940 2342 accipite
978 2263 1162 2339 sanium,

148 2381 242 2450 atque
276 2368 355 2429 odeo
384 2369 515 2428 salutem
544 2366 683 2446 aecipite.
725 2368 796 2429 Jsrn
820 2363 905 2426 enisu
931 2362 1036 2425 omnin
1058 2361 1094 2425 in
1111 2360 1162 2427 bb
1220 2398 1223 2403 ·

148 2466 205 2529 sita
225 2478 315 2539 snut,
334 2477 370 2525 ut
388 2466 563 2528 concordes
582 2467 715 2547 primum
734 2464 816 2537 sitis,
837 2462 952 2524 deinde
971 2473 1007 2524 ut
1027 2462 1161 2542 impera·

146 2581 248 2630 torem
271 2564 456 2646 agnoscatis.
501 2566 608 2647 Atque
635 2569 699 2629 lnec
718 2565 784 2627 duo
800 2561 984 2640 hujusmodi
1003 2572 1093 2636 sunt,
1123 2573 1161 2623 ut

147 2680 293 2730 neutrum
320 2664 388 2726 sine
416 2667 513 2725 altero
543 2664 715 2727 consistere
743 2662 853 2742 possit.
891 2663 970 2726 Nem
996 2673 1028 2723 et
1047 2662 1160 2727 emotis

147 2765 393 2829 dissensionibus
411 2763 605 2843 intelligetis,
632 2762 699 2823 sine
719 2762 908 2841 imperatore
925 2782 985 2825 vos
1005 2764 1160 2838 delicere,

148 2879 179 2928 ct
210 2866 317 2945 agnito
348 2864 536 2943 imperatore
573 2862 613 2923 sd
645 2873 784 2923 mutuam
816 2861 1018 2924 concordiam
1050 2879 1162 2924 omnes

148 2966 342 3028 inclinabitis.
391 2965 520 3027 Dabunt
539 2984 579 3026 -se
605 2963 661 3025 iste
688 2960 831 3023 invicem.
881 2962 946 3041 Qui
973 2959 1036 3042 jum
1063 2961 1162 3043 igitur

149 3065 221 3128 satis
240 3076 276 3125 ut
296 3075 373 3143 puto
398 3063 607 3137 intellexistis,
640 3080 734 3144 quarn
753 3058 846 3121 vobis
863 3070 973 3123 mutue
988 3062 1163 3123 concordis

148 3185 228 3243 opus
250 3163 303 3236 sit,
331 3172 425 3241 utque
447 3161 541 3223 iidem
559 3162 689 3235 videtis,
721 3180 813 3242 quum
832 3180 899 3221 non
916 3159 1016 3240 possit
1037 3181 1075 3222 es
1093 3158 1163 3222 sine

149 3263 285 3345 quodem
310 3261 343 3321 in
371 3280 436 3341 quo
462 3269 606 3322 versetur
630 3261 776 3334 cardine,
811 3259 845 3322 id
872 3269 920 3322 est
945 3259 1014 3323 sine
1032 3258 1162 3339 publico

147 3374 271 3427 rectore
292 3380 327 3423 ac
346 3358 494 3439 Principe
521 3360 712 3436 consistere,
742 3358 990 3443 quodomnium
1014 3372 1088 3423 rote
1105 3380 1165 3421 ex·

148 3472 272 3542 petunt,
292 3458 418 3539 publico
435 3458 551 3539 flagitet
570 3461 755 3536 necessitas,
774 3471 880 3523 vestra
898 3460 999 3543 exigit
1016 3459 1164 3543 dignitas,

148 3574 183 3622 ut
202 3580 311 3621 omnes
330 3557 538 3631 salvinius,
559 3579 619 3620 vos
638 3559 737 3639 glorie
758 3558 841 3622 sueri
860 3570 893 3621 et
912 3559 1034 3635 ornati,
1055 3572 1165 3641 parete

148 3660 197 3735 ei,
218 3658 273 3740 qui
293 3678 352 3718 vos
370 3668 456 3719 recte
475 3667 598 3732 monet,
618 3666 704 3717 recte
722 3657 826 3728 (lucit,
846 3658 915 3718 sine
930 3678 997 3740 quo
1013 3679 1079 3720 non
1094 3663 1166 3741 plus

147 3759 208 3839 ipsi
226 3755 375 3839 potestis,
410 3776 504 3838 quarn
530 3754 598 3818 sine
626 3754 717 3816 vobis
737 3752 798 3816 ille.
836 3754 916 3847 llam
934 3765 970 3817 ut
987 3757 1021 3818 in
1039 3777 1168 3837 comps·

148 3859 304 3921 rationem
332 3855 521 3919 deducamus
551 3874 639 3929 rem,
670 3874 765 3935 quern
793 3851 952 3919 infirmum
976 3855 1054 3917 illud
1084 3855 1167 3931 erit,

149 3956 217 4020 sine
234 3957 431 4038 reliquorum
446 3953 619 4018 ministerio
637 3953 852 4015 membrorum
870 3964 974 4033 caput.
1012 3954 1169 4017 Rursum·

150 4078 213 4140 que
239 4066 273 4117 nt
293 4067 403 4133 turpe,
434 4066 469 4116 ut
487 4074 630 4115 manorum
649 4073 686 4115 ee
706 4052 953 4117 delectum-sine
971 4055 1073 4134 cupite
1097 4073 1169 4116 cor-

148 4178 219 4237 pus.
257 4156 354 4216 Brntn
372 4152 511 4214 ariimnlin
531 4155 644 4214 (lucem
663 4162 855 4235 agnoscunt,
875 4164 1014 4216 armenta
1031 4165 1168 4229 taurum,

150 4255 279 4317 arietem
305 4272 402 4327 oves,
433 4253 611 4332 elephantes
633 4274 764 4336 quoque
786 4270 876 4330 eum,
906 4252 961 4337 qui
980 4253 1086 4336 presit,
1118 4274 1171 4317 se·
1256 4318 1263 4329 ,

150 4364 307 4436 (furtinum
327 4363 358 4413 et
377 4373 472 4435 grues
492 4354 659 4415 duetorem
674 4349 871 4433 suscipiunt,
897 4374 972 4434 apes
989 4372 1100 4437 regern
1116 4372 1173 4418 ve·

184 4487 250 4532 nun
268 4484 354 4545 ons.
379 4484 411 4534 n.
776 4462 823 4529 ³³
