2624 5108
512 890 639 967 Oratio
664 891 794 969 Prima.
896 926 912 945 ··
1111 903 1154 979 69

147 1084 267 1150 scelere
291 1082 489 1167 pemanerit,
523 1086 684 1153 recentius
707 1098 772 1165 est,
803 1088 950 1171 gravius,
978 1106 1016 1151 ae
1050 1092 1093 1153 ob
1122 1090 1159 1155 id

145 1183 396 1260 memorabilius,
430 1206 526 1269 quam
548 1198 585 1249 ut
605 1186 753 1269 ignorare
779 1189 849 1271 quis
868 1189 977 1269 possit.
1021 1190 1054 1252 si
1072 1191 1156 1255 enim

145 1289 242 1351 letius
267 1286 300 1349 id
319 1287 350 1362 ')
377 1286 558 1369 contagium
587 1308 715 1367 serpere
745 1288 943 1371 contigisset,
985 1309 1055 1372 que
1090 1312 1157 1353 non

151 1388 253 1451 statim
274 1406 393 1451 nmina
414 1387 529 1451 infimis
553 1387 722 1468 permixta,
755 1388 834 1471 quid
861 1409 927 1451 non
952 1410 970 1451 a
993 1410 1053 1453 suo
1076 1401 1157 1453 statu

151 1485 310 1567 dejectum
327 1486 459 1553 luistet?
485 1485 563 1568 quid
582 1507 648 1549 non
660 1487 839 1553 turbatum?
866 1510 960 1571 quam
974 1509 1041 1551 non
1056 1487 1158 1569 indig-

151 1588 280 1651 nitatem
297 1606 407 1649 omnes
419 1585 580 1651 tulissent?
599 1586 667 1648 Eut
686 1587 768 1649 enirn
785 1610 827 1651 ex
843 1608 937 1653 ecura
951 1588 1159 1653 movebantur

150 1686 274 1763 miseri,
304 1697 338 1749 et
354 1686 455 1767 primo
470 1685 548 1749 nibil
565 1685 760 1749 immoderati
776 1688 1027 1768 proponebatur,
1055 1698 1159 1759 temen

147 1799 258 1869 poster
271 1786 423 1871 gliscente
437 1788 585 1861 tumultu,
605 1786 799 1849 consortium
811 1789 964 1851 malorum
974 1788 1158 1864 institutum,

147 1898 184 1949 ut
199 1888 251 1961 lit,
269 1886 431 1949 bonorum
448 1885 622 1950 antevertit.
658 1884 816 1965 Adiunxit
828 1907 863 1948 ee
878 1887 1052 1963 levissimus
1073 1889 1160 1973 qnie-

151 2004 233 2069 que,
252 1984 379 2049 oberati
397 2004 526 2059 omnes,
556 2006 593 2048 ae
610 1986 773 2066 desperata
790 2008 825 2053 re
839 1987 999 2065 familiari,
1018 2002 1159 2073 egentes.

150 2084 328 2153 Consilium
353 2095 439 2160 erat,
470 2094 508 2147 ut
535 2085 636 2147 omnis
659 2084 802 2150 funditus
826 2088 972 2151 nobilitas
998 2089 1159 2164 interiret,

150 2186 185 2249 in
197 2186 311 2249 domus
324 2186 517 2263 locupletum
532 2184 666 2265 impetus
677 2188 786 2261 tieret,
805 2188 945 2265 pecuniae
961 2190 1161 2251 sacerdotum

154 2284 379 2365 diriperemm,
407 2283 511 2347 omnia
523 2296 692 2364 prostrata,
722 2307 758 2349 ao
776 2306 888 2350 euersa
905 2299 1026 2359 esserrt,
1054 2308 1160 2351 rerum
1261 2292 1268 2301 '

156 2385 362 2469 gubernantis
382 2385 614 2447 desererentur.
665 2388 742 2466 Quo
761 2406 828 2447 non
846 2386 963 2448 idcirco
989 2384 1094 2467 attigi,
1126 2397 1162 2447 ut

157 2485 300 2549 rideatur
318 2483 368 2547 bie
393 2484 529 2567 aliquem
555 2484 652 2558 bene,
687 2486 739 2545 vel
764 2486 917 2559 sensisse,
951 2486 1003 2545 vel
1025 2484 1159 2559 secuse,

155 2586 212 2650 scd
229 2605 295 2669 quo
315 2585 491 2658 ostendam,
519 2595 653 2667 quantus
671 2605 712 2645 ex
732 2585 789 2646 bac
807 2594 895 2662 perte
913 2583 1043 2647 morbus
1064 2596 1160 2647 totam

141 2685 369 2759 stienuaoiam,
401 2704 522 2748 summo
542 2704 614 2747 cum
632 2684 681 2758 ar)
700 2682 860 2764 periculo,
891 2704 1013 2747 nrmruo
1034 2682 1160 2764 publico

157 2797 242 2849 metu
255 2784 420 2859 inusserit,
446 2796 544 2868 utque
564 2803 671 2847 omnes
686 2804 809 2855 mecum
829 2795 1077 2865 recognoscant,
1096 2804 1162 2846 non

155 2906 239 2953 eme
251 2895 463 2969 cognoscant,
489 2895 640 2967 quantum
657 2902 700 2945 ex
714 2885 771 2948 bac
787 2884 955 2949 Furiarum
968 2883 1065 2946 lace
1057 2902 1163 2947 uacen-

144 2986 241 3051 .dium
253 2986 426 3049 condatum
442 2985 498 3060 sit,
510 3010 513 3015 ·
525 2984 614 3066 quod
628 2994 756 3045 eatenus
779 2985 906 3066 quidem
928 2997 995 3049 erat
1012 2985 1098 3067 pica,
1128 3004 1171 3047 ae·

157 3088 229 3151 eleo
256 3084 534 3171 restinguendum,
572 3094 725 3165 quatenns
752 3083 849 3163 ipsius
874 3086 941 3160 aaa)
981 3088 1164 3149 sceleratum

157 3180 265 3269 eaput,
301 3185 402 3268 ipsius
421 3184 506 3257 asae)
528 3182 718 3253 exitiabilem
741 3182 837 3247 vitam
860 3181 996 3260 petebat.
1041 3183 1105 3245 Sed
1130 3193 1166 3242 tu

157 3308 239 3373 ege,
267 3298 303 3350 ut
323 3288 383 3362 eo,
415 3305 481 3369 quo
505 3294 669 3365 properat,
703 3281 805 3347 oratio
828 3281 964 3354 feratur,
1000 3279 1164 3362 quomodo

155 3388 338 3457 tendentes
353 3387 392 3449 iis
408 3386 445 3459 ι)
471 3383 634 3457 fluetibus,
660 3403 704 3452 ro
724 3383 786 3457 st)
806 3379 974 3463 naufragio
993 3376 1166 3441 emersisti?

155 3490 335 3575 Quicquam
349 3488 384 3550 in
397 3484 443 3547 tui
460 3482 701 3546 conservatione
716 3502 782 3543 non
797 3483 837 3551 ad
852 3492 961 3544 nostra
976 3479 1066 3543 initia
1083 3476 1167 3541 rele-

157 3590 289 3653 rendum
301 3587 376 3655 est?
395 3584 491 3666 Quod
505 3582 551 3645 sic
565 3605 584 3645 a
600 3603 650 3645 rne
667 3579 748 3654 diei,
767 3592 842 3661 puta
858 3579 980 3645 Cesar!
1000 3600 1065 3643 non
1080 3577 1168 3662 quod

160 3688 193 3749 in
215 3688 441 3773 munguemlo
463 3688 525 3749 boc
551 3680 698 3746 incendio
718 3690 772 3741 aut
794 3682 850 3745 abs
877 3692 928 3754 te,
961 3692 1016 3745 aut
1036 3678 1076 3741 ab
1101 3676 1168 3739 istis

158 3787 352 3903 principibus
362 3787 547 3880 quidquam
572 3790 727 3847 cessatum
756 3788 879 3859 putem,
914 3780 972 3840 sed
1006 3777 1082 3860 quia
1108 3798 1168 3840 uos

155 3888 248 3971 primi
268 3888 396 3953 furiosae
416 3882 643 3965 conjurationis
658 3890 778 3969 motum
797 3878 1052 3955 composuimus,
1077 3875 1170 3957 primi

157 4008 220 4051 uos
229 3988 382 4073 grassanti
392 3988 535 4099 procelle
547 3992 656 4046 nostra
670 3979 776 4060 capita
786 3974 971 4054 objecimus.
998 3976 1171 4052 Responde

158 4086 212 4151 bie
228 4090 312 4153 enim
329 4092 426 4163 latro,
454 4086 516 4153 nist
505 4085 582 4151 ille
596 4086 659 4146 boc
680 4077 850 4152 Ludovieo
869 4086 982 4137 autore
995 4073 1107 4135 misrus‘
1128 4092 1170 4137 ex

160 4187 293 4251 Francis
318 4188 375 4253 tibi
401 4185 558 4271 equitatus
587 4191 688 4256 esset,
728 4176 878 4264 quamdiu
907 4171 1109 4249 sustinuisses
1138 4172 1173 4237 id

160 4332 354 4354 Ἦ

195 4416 226 4485 *)
238 4428 279 4483 u,
295 4425 348 4473 boe.
384 4416 430 4477 ¹⁸¹⁸)
440 4436 532 4473 summo
544 4436 598 4469 eum
608 4425 734 4478 pertento,
752 4431 841 4465 eumne
854 4416 968 4475 pertento.
1005 4403 1071 4465 m)
1086 4414 1172 4463 usus»

196 4512 269 4556 suaa,
306 4501 384 4568 W)
401 4513 494 4568 rasus,
511 4511 582 4556 rasa.
616 4498 649 4568 r)
667 4510 717 4567 us,
735 4505 779 4555 hta.
813 4495 863 4563 ††)
880 4516 928 4559 eo.
947 4490 1000 4555 ticc-
