2810 4722
261 429 327 506 178
498 423 542 497 In
566 423 753 498 Ulrichum
777 424 1028 524 Wirtenbcrg.

256 619 392 702 pecunia
419 639 486 681 non
512 637 624 700 passus
650 639 683 682 es
713 617 855 680 reverti?
898 617 1036 696 Quando
1060 617 1157 702 igitur
1182 621 1282 703 magis

256 722 443 806 pudendum
476 721 577 782 nostri
610 719 692 795 fuit,
733 740 827 799 qnam
859 721 923 782 hoc
950 731 1112 801 tempore,
1147 737 1212 804 qno
1245 734 1280 784 tu

181 877 183 882 .
257 832 346 886 tanto
367 823 541 896 dedecore,
563 831 646 882 tanta
666 819 808 896 infamio,
836 841 873 884 ac
891 820 1087 901 turpitudine
1107 822 1279 903 superbus,

214 944 217 950 ’
257 925 380 1000 audax,
402 924 576 1003 impotens,
598 922 806 1001 perfidiosus,
835 921 991 995 crudelis,
1011 921 1171 998 insolens,
1199 935 1230 984 et
1247 925 1279 1000 ⁰)

145 1091 149 1098 ,
256 1038 400 1088 extreme
442 1019 604 1097 imferius,
651 1021 931 1104 splendidissimam
971 1022 1081 1097 armis,
1130 1043 1167 1084 ac
1205 1021 1282 1086 viris

255 1127 386 1207 patriam
404 1125 445 1185 od
463 1134 552 1185 tuum
569 1121 692 1186 libitum
712 1121 848 1197 claudis,
878 1123 1065 1203 aceperis?
1105 1123 1283 1186 Meministi
1378 1196 1381 1204 ι

254 1245 357 1308 ergo,
387 1220 465 1307 (prid
484 1225 536 1286 ille
556 1223 613 1285 tibi
637 1243 740 1303 nuper
763 1227 840 1286 exul
856 1223 1083 1306 responderit?
1110 1223 1172 1286 nisi
1192 1225 1283 1308 quod

253 1324 472 1408 infrequenti
497 1323 660 1388 bominum
686 1341 833 1387 sermone
860 1337 925 1401 est,
955 1326 1068 1388 falsum
1095 1325 1280 1406 convirrc1s3

253 1447 349 1510 aquo
364 1448 426 1508 pro
445 1428 548 1490 reditu
565 1428 597 1490 in
610 1415 741 1509 patriam
757 1427 869 1490 XXX.
887 1446 1001 1488 aureos
1018 1423 1150 1506 petiisti;
1170 1446 1281 1490 nonne

254 1529 333 1592 hoc:
360 1549 441 1601 „non
463 1549 497 1591 se
518 1539 697 1610 empturum
714 1551 766 1603 ea,
787 1547 857 1611 quie
875 1539 906 1590 te
921 1547 988 1589 non
1005 1523 1148 1608 principe
1167 1547 1280 1608 posse·

148 1629 152 1638 '
251 1629 375 1692 disset.“
414 1628 556 1705 Deinde,
579 1651 660 1700 ‚mon
675 1632 798 1709 placere
816 1627 877 1690 sibi
891 1629 1018 1705 vivere,
1039 1628 1096 1692 ubi
1113 1641 1165 1704 tu,
1185 1629 1278 1692 tantis

251 1729 443 1805 sceleribus,
476 1741 604 1812 tamque
630 1728 760 1809 impuris
787 1727 983 1794 facinoribus
1012 1731 1148 1812 pollutus
1176 1729 1279 1792 domi-

251 1831 362 1894 nertsr‘
401 1831 535 1906 Videte,
565 1852 644 1906 oro,
678 1851 744 1912 qno
765 1832 838 1892 loco
856 1832 1024 1912 ponendus
1044 1831 1083 1895 sit
1103 1831 1153 1894 hic
1167 1842 1279 1896 noster

250 1943 438 2014 personatus
461 1932 662 2008 Alexander,
699 1925 872 1994 amicorum
904 1929 1129 2014 interemptor,
1168 1954 1188 1994 a
1204 1919 1277 2015 'quo

250 2035 362 2098 XXX.
390 2034 495 2097 eureis
524 2034 637 2097 redlmi
663 2033 793 2096 exilium
819 2032 954 2102 hominis
983 2045 1098 2114 potest.
1144 2034 1196 2094 Ex
1215 2034 1277 2094 hoc

249 2156 317 2198 uno
336 2134 480 2198 membro
512 2134 697 2199 universum
722 2137 877 2198 scelerum
898 2145 1028 2196 tuorum
1057 2153 1173 2213 corpus
1198 2154 1276 2216 cog-

249 2257 384 2300 noscere
396 2235 479 2298 licet.
509 2237 572 2298 Sed
584 2237 645 2299 lroc
660 2234 778 2298 utinam
790 2237 892 2300 solum
906 2234 1052 2308 fecisses,
1073 2233 1272 2316 lacerosque,

249 2359 309 2401 nec
328 2337 362 2399 in
375 2358 435 2399 noe
452 2337 564 2400 saevire
583 2337 714 2418 dignum
734 2331 896 2398 duxisses!
917 2335 991 2396 Hoc
1008 2356 1090 2416 ego,
1112 2335 1138 2396 si
1158 2355 1272 2416 prece,

209 2421 216 2428 ’
249 2450 303 2501 aut
322 2437 425 2520 pretio
453 2435 509 2498 abs
538 2448 569 2497 te
599 2437 758 2518 impetrari
787 2435 958 2510 voluisses,
994 2437 1083 2518 quod
1111 2458 1171 2519 pro
1198 2457 1271 2500 meo

249 2539 351 2621 eapite
369 2559 435 2600 non
455 2539 607 2614 facerem,
629 2538 662 2601 in
682 2528 763 2602 illins
781 2539 879 2600 salute
901 2536 1121 2599 conservanda
1135 2541 1271 2620 supplex

248 2637 306 2702 tibi
332 2633 519 2715 castilionem,
555 2638 634 2702 acsi
659 2637 731 2702 fieri
749 2661 807 2718 per
830 2649 861 2699 te
884 2633 1040 2712 licuisset,
1070 2658 1271 2714 exoressem,

249 2757 316 2826 quo
334 2761 375 2804 ne
394 2725 638 2822 pulcherrimum
655 2739 748 2802 nobis
765 2739 980 2802 Huttenorrun
1011 2739 1163 2802 auferres.
1202 2739 1272 2802 Etsi

248 2842 333 2905 enim
360 2841 480 2924 gratius
505 2842 566 2902 hoc
586 2853 730 2918 tempore
754 2836 832 2900 nihil
856 2837 949 2900 nobis
975 2839 1119 2903 accidere
1146 2851 1269 2952 potest,

248 2964 344 3026 qnam
361 2953 397 3004 ut
415 2951 468 3014 tu,
489 2940 578 3020 quod
595 2942 725 3006 meritus
745 2961 797 3014 es,
817 2936 1017 3000 acerbissime
1030 2940 1188 3052 puniaris,
1208 2943 1273 3004 boc

247 3051 352 3101 temen
380 3039 555 3127 mallemus,
589 3049 643 3102 tue
667 3040 753 3104 illum
773 3036 988 3104 misericordie
1012 3038 1137 3116 virere,
1174 3061 1307 3126 quam*

248 3147 359 3198 nostro
377 3147 410 3198 te
426 3121 539 3198 solatio
555 3139 647 3202 mori.
685 3143 758 3203 Huc
772 3159 830 3204 nos
848 3139 978 3204 miserie
994 3138 1176 3221 conjecisti,
1197 3165 1271 3226 per·

247 3236 329 3298 ditet
356 3246 448 3320 utne
465 3238 619 3320 supplicio
639 3239 768 3324 quidem
785 3251 842 3302 tuo
860 3240 1016 3324 restingui
1038 3253 1148 3307 noster
1166 3246 1269 3310 luctus

249 3347 354 3419 quent
392 3324 441 3399 Ita
457 3338 588 3414 acerba,
624 3340 667 3404 ita
690 3340 915 3424 indiguerunt
939 3342 1054 3406 omnia.
1100 3343 1194 3407 Prius
1217 3342 1268 3408 ille

247 3455 343 3520 quom
378 3447 411 3500 te
446 3438 547 3502 sibi
537 3441 699 3505 mimicum
735 3440 845 3517 sciret,
887 3451 978 3504 tuum
1009 3442 1147 3524 gladium
1177 3443 1267 3506 vidit

245 3535 400 3622 Idemque
419 3540 508 3622 prius
527 3541 648 3622 accepit
672 3543 804 3618 rubrus,
838 3559 933 3626 quam
950 3541 1038 3606 illum
1059 3545 1183 3609 videret
1203 3547 1269 3629 gla-

246 3637 352 3716 dium,
388 3639 502 3703 inermi
535 3641 615 3716 sibi,
660 3639 806 3717 incauto,
848 3659 885 3702 ec
916 3641 993 3706 nibil
1022 3646 1083 3706 tale
1114 3646 1268 3708 metuenti

218 3818 220 3825 Ι
246 3733 442 3820 impressum.
491 3739 522 3802 Ο
562 3741 647 3802 nulla
680 3741 833 3804 sermonis
866 3741 1033 3822 asperitate
1071 3744 1202 3828 dignum
1232 3744 1265 3806 ln

245 3839 377 3902 modum
394 3835 581 3920 explicabile
596 3849 686 3906 tuum
704 3843 824 3906 scelus!
843 3838 957 3905 Fidem
970 3841 1175 3924 implorabat,
1196 3867 1265 3929 que

246 3977 440 3997 h-——n-n

281 4063 312 4131 ⁸)
330 4081 371 4130 et,
392 4089 426 4120 atr.
