2624 5108
460 861 508 934 ad
531 860 710 935 Jacobum
734 862 860 936 Fucha.
1119 873 1166 942 3³

151 1052 381 1138 pulchritudine
400 1064 433 1116 et
454 1053 610 1115 alacritate
623 1061 823 1134 corporum,
855 1056 972 1118 virtute
997 1078 1077 1120 vero
1101 1059 1166 1120 ani·

148 1176 299 1231 morum,
328 1142 392 1217 tota
420 1152 554 1216 Francia
579 1146 819 1230 athairatae'tt,
859 1155 944 1217 hunc
968 1157 1167 1240 singulariter

150 1257 320 1320 admodum
336 1254 496 1318 amaverit.
516 1254 749 1337 Scia-quantam
767 1253 802 1316 in
819 1255 881 1316 hoc
900 1277 989 1336 apem
1006 1271 1168 1338 posuerat.

151 1360 260 1441 Atque
286 1357 355 1437 ipae
381 1356 443 1419 hoc
468 1374 575 1417 amore
603 1354 718 1438 dignun
743 1355 783 1416 ab
814 1356 959 1418 omnibus
989 1357 1166 1438 putabatur.

153 1458 229 1521 Erat
238 1468 373 1520 venusta
383 1456 481 1531 facie,
501 1454 715 1517 membranam
733 1455 920 1539 compagine
938 1457 1166 1534 decentiaaima,
1286 1448 1291 1454 ⁹

153 1569 271 1621 statura
285 1557 432 1639 corporis
446 1575 597 1638 procera,
622 1557 679 1616 aed
699 1577 793 1641 quam
812 1569 953 1640 aequaret
968 1557 1052 1638 juata
1070 1578 1168 1622 mem·
1293 1582 1295 1587 ’

152 1657 285 1720 brorum
307 1655 482 1739 proportio.
531 1656 568 1718 ln
596 1656 683 1718 nadlo
707 1675 773 1718 non
797 1654 971 1736 juventutis
997 1659 1167 1727 certamine

148 1757 289 1820 anteibat
305 1758 439 1840 maiales
446 1778 464 1831 ,·
472 1755 647 1827 currendo,
662 1754 818 1830 saltando,
840 1750 939 1832 lucta,
960 1759 1167 1840 equitatione,

147 1859 296 1921 natando.
348 1858 400 1919 Eo
434 1876 513 1918 vero
544 1855 610 1918 ludi
637 1874 771 1938 genere,
815 1855 880 1940 quo
916 1858 1043 1923 obnixis
1073 1861 1168 1924 hastis

150 1958 258 2022 armati
282 1956 408 2041 equites
435 1965 647 2031 concurrunt,
678 1953 761 2018 inter
788 1954 905 2037 primm
936 1959 1167 2023 nominabatur.

150 2060 322 2141 Perspecto
345 2068 415 2121 erat
440 2052 511 2137 eiua
535 2055 570 2117 in
596 2054 685 2118 aeriis
705 2076 837 2140 qnoque
856 2058 1005 2124 alacritas.
1042 2060 1167 2142 lpaum,

148 2159 234 2224 illaon
255 2159 433 2222 occisorem
451 2156 521 2240 ejus
534 2154 729 2229 audivimus,
750 2158 895 2221 omnihua
915 2160 980 2224 auia
999 2160 1167 2224 comitibus

152 2261 378 2341 praeierantem.
417 2258 471 2321 Ob
490 2277 606 2342 eaeque
626 2258 758 2322 virtutes
778 2259 963 2323 narrabatur
975 2282 1079 2324 amare
1094 2282 1169 2324 eum

154 2360 257 2421 unice.
303 2358 401 2440 Quod
429 2357 547 2421 utinam
573 2380 641 2420 non
668 2359 927 2436 credidissemus,
958 2380 1025 2444 qrto
1043 2359 1167 2421 saevitiae

154 2480 217 2522 auae
244 2461 422 2540 exemplum
447 2457 481 2520 in
506 2459 567 2521 alio
595 2457 681 2540 prius
711 2457 742 2531 ο)
767 2458 927 2521 edidisset.
979 2460 1051 2541 Age
1087 2480 1167 2521 vero

153 2570 270 2643 quianta
285 2580 304 2620 a
319 2578 394 2622 serre
410 2558 565 2621 bcnelhia
580 2557 701 2638 accepit
714 2559 900 2632 sceleratam,
922 2555 1048 2637 adjutus
1069 2578 1166 2638 pecu·

150 2659 219 2735 nia,
244 2656 357 2734 armis,
391 2657 501 2723 officiis
522 2657 661 2742 denique
683 2655 848 2733 omnibua,
876 2658 919 2720 X.
943 2657 1037 2721 millia
1055 2680 1167 2723 aureo·

151 2780 223 2821 mm
249 2763 410 2822 nummum
431 2756 519 2823 dedit
543 2772 656 2822 mutuo
681 2778 799 2839 nuper,
833 2777 902 2842 quae
920 2758 1016 2822 hodie
1035 2780 1166 2844 quoque

152 2859 308 2923 debentur
324 2857 379 2921 illi.¹
418 2859 505 2941 Quin
522 2860 615 2922 etiam
635 2858 793 2942 equitatus
809 2861 954 2923 celeriter
974 2881 1016 2922 cx
1036 2860 1166 2925 Francis
1203 2844 1209 2859 ⁸

148 2958 307 3036 mittendi,
339 2979 409 3044 quo
431 2959 630 3042 insurgentes
650 2960 818 3028 adversum
837 2982 872 3024 ae
892 2964 1061 3044 popularet
1080 2984 1166 3026 com·

150 3059 271 3141 peacuit
293 3059 364 3135 ille,
392 3060 505 3123 unicus
531 3079 632 3141 prope
659 3062 772 3123 author
795 3061 868 3124 tuit.
913 3062 1015 3127 Video
1037 3064 1167 3148 quaesit

149 3160 305 3224 atrociter.
348 3163 380 3225 A
399 3180 466 3244 quo
491 3158 638 3223 liberatam
663 3160 743 3235 luit,
776 3158 848 3241 ejua
874 3161 992 3223 liberor
1018 3164 1165 3245 perdidit.

149 3262 333 3323 Exclamare
354 3254 433 3322 libet
457 3259 491 3323 in
513 3261 578 3322 haec
597 3272 757 3341 tempora,
786 3259 903 3342 quibua
924 3271 1008 3322 tanta
1033 3261 1109 3324 fidei
1129 3282 1167 3325 ac

147 3360 311 3442 probitatis
344 3360 471 3424 vastitas
500 3371 557 3422 est.
612 3359 683 3424 Jam
708 3379 844 3424 uxorem
873 3356 984 3439 juveni
1007 3362 1166 3423 locaverat

144 3474 252 3545 pater,
272 3458 429 3543 puellam,
457 3471 637 3535 tenuatam,
658 3460 814 3529 nobilem.
835 3480 929 3544 quam
949 3458 1083 3536 animat,
1105 3482 1163 3523 suo

144 3582 283 3645 magno,
306 3573 345 3624 ut
365 3560 530 3636 videmus,
555 3563 647 3622 malo.
685 3561 776 3621 Hanc
792 3559 917 3622 dulcem
940 3560 1070 3624 vivendi
1088 3581 1164 3625 con-

148 3661 365 3737 auetudinem,
402 3661 465 3722 hoc
496 3658 703 3741 pulcherrime
735 3658 915 3723 institutum
945 3659 1016 3722 vita
1044 3680 1164 3742 genua,

147 3770 315 3843 antequam
349 3760 389 3823 ad
426 3758 565 3822 tmcnm
605 3758 804 3841 perveniret,
856 3758 983 3841 abrupit
1014 3763 1164 3823 scelestus

142 3859 317 3944 parricida.
373 3859 499 3923 Patrem
527 3866 743 3924 Laidovr'cham
775 3854 864 3936 ajamt
885 3859 1060 3922 miserrime
1088 3879 1165 3921 con-

142 3960 266 4025 flictari.
312 3961 371 4023 Me
402 3970 489 4025 tenet
523 3957 574 4019 hic
599 3955 785 4021 valetudinis
814 3975 900 4018 cura.
956 3958 1019 4021 Ubi
1047 3959 1163 4022 habere

143 4061 257 4127 melius
305 4079 434 4144 coepero
452 4059 537 4141 aa),
576 4058 615 4120 ad
653 4056 738 4119 illurn
779 4057 968 4133 concedam,
1019 4068 1054 4118 ut
1087 4078 1163 4119 con·

143 4164 281 4227 doleam.
319 4161 406 4244 Quid
432 4179 561 4241 posnam
575 4158 669 4220 'enim
685 4155 792 4220 aliud?
827 4159 894 4219 Aut
920 4155 947 4218 si
976 4155 1054 4239 quid
1078 4157 1163 4221 aliud

137 4282 291 4347 ponem,
331 4260 384 4323 cui
408 4257 525 4322 rectius
550 4255 751 4339 praetorem?
789 4257 882 4321 Nocti
913 4267 949 4319 ut
979 4257 1020 4319 de
1044 4276 1095 4320 me
1123 4258 1163 4321 ait

178 4443 206 4502 ‘l
220 4455 300 4510 pras.
317 4451 403 4511 potina.
440 4440 483 4502 ”l
499 4449 589 4497 actm
605 4451 693 4495 mettas
710 4460 814 4501 enarro.
832 4447 931 4506 primum
948 4447 1100 4497 convaluero.

177 4594 245 4641 uati.
262 4592 307 4652 op.
323 4593 351 4640 r.
367 4594 398 4641 u
801 4566 822 4632 3
