2624 5108
603 526 634 609 t.¹

104 848 121 887 .·
149 818 192 889 ού
302 808 308 817 ’
384 812 427 887 In
451 811 637 887 Ulrichum
661 815 907 923 Wirtenberg.

148 1028 293 1091 magnum
308 1008 496 1071 dcctincndc
520 1024 619 1090 poenae
640 1007 854 1091 adjumentum
871 1025 965 1079 essct.
1010 1015 1102 1081 Nunc
1119 1020 1153 1083 in

148 1110 250 1170 medio
279 1115 413 1171 vestrum
453 1107 518 1192 agit
548 1110 735 1187 sceleratus,
775 1113 881 1176 videte
918 1134 996 1192 oro,
1036 1118 1151 1199 quibus

148 1208 262 1282 ocutis,
283 1229 347 1290 quo
360 1207 477 1271 intuitu
490 1211 700 1273 trucutentus!
718 1213 831 1277 Adhuc
841 1214 891 1277 itte
905 1212 939 1278 iu
955 1235 1013 1279 orc
1027 1217 1152 1282 videtur

147 1307 248 1371 inesse
263 1308 438 1371 innocentis
455 1328 571 1384 cruor,
600 1330 667 1394 quo
683 1310 848 1394 adspersus
864 1326 929 1391 cst,
959 1312 993 1377 in
1010 1316 1152 1383 manibus

146 1431 210 1492 quo
225 1432 260 1471 so
274 1407 447 1491 inquinavit
463 1410 615 1489 perditus.
651 1408 795 1475 Deorum
809 1412 1027 1479 immortalium
1042 1416 1154 1503 benig·

145 1511 239 1572 nitate
259 1530 334 1571 rcor
351 1508 537 1590 contigisse,
565 1520 602 1572 ut
620 1511 669 1573 sui
693 1511 798 1575 similis
819 1513 961 1579 videatur
978 1517 1025 1593 ⁰),
1052 1528 1153 1603 utque

143 1608 286 1689 corporis
306 1608 413 1672 lubitu
437 1610 565 1672 affectus
591 1609 686 1673 animi
703 1611 836 1693 prodest
858 1613 917 1689 ω*).
966 1615 1052 1681 Talis
1069 1630 1153 1695 crat,

143 1731 213 1771 cum
233 1710 324 1772 furiis
342 1730 469 1793 operam
494 1712 583 1775 daret
603 1710 685 1786 suis,
704 1713 765 1774 hoc
783 1714 888 1789 vultu,
906 1714 954 1779 his
971 1716 1153 1797 nipercitiis.

143 1809 243 1890 Cujus
272 1830 343 1872 cuni
368 1806 404 1873 in
430 1832 491 1872 suo
517 1812 679 1891 periculo,
714 1834 780 1897 quo
803 1811 905 1894 mdjus
928 1814 1067 1877 incidero
1085 1837 1152 1879 non

142 1921 259 1992 potest,
286 1912 350 1972 hsc
369 1909 409 1973 sit
428 1910 545 1987 facies,
571 1912 624 1976 hic
642 1924 802 1994 mpceors,
828 1934 934 1997 queso
953 1912 988 1976 in
1005 1914 1058 1977 isso
1081 1936 1152 1998 par·

142 2009 252 2072 ricidio
279 2032 373 2093 ‹pmm
402 2011 502 2074 fuisse
539 2012 678 2093 speeiem
711 2012 888 2077 existimare
919 2012 1018 2077 ticet?
1059 2036 1153 2099 quom

140 2110 300 2173 frontem?
320 2110 407 2194 quod
419 2110 480 2173 os?
499 2132 582 2194 quos
598 2112 730 2175 ocutos?
749 2133 844 2196 (Ῑιιοοι
855 2112 1001 2196 corporis
1012 2116 1150 2178 statum?

141 2210 206 2273 Airt
230 2232 311 2294 ‹pros
329 2213 477 2296 effingere
500 2211 574 2275 licet
598 2210 672 2275 huic
697 2211 813 2290 tuisse,
848 2234 919 2279 cum
942 2214 993 2278 itu
1015 2215 1152 2291 fuceret,

140 2313 281 2393 spiritns,
313 2313 368 2394 qui
393 2332 478 2375 nunc
501 2332 575 2375 oum
592 2311 650 2375 ista
667 2313 798 2393 patitur,
816 2313 895 2377 hunc
910 2312 1024 2379 retinet
1040 2327 1153 2379 contu·

139 2412 289 2476 maciam?
309 2410 433 2475 Scilicet
445 2434 496 2476 ros
513 2412 598 2473 venit
610 2411 642 2474 in
653 2409 804 2491 judicium
815 2424 888 2494 post
897 2425 987 2479 natos
999 2413 1152 2495 homines,

140 2513 346 2589 atrocissima,
373 2512 609 2587 immanissima,
635 2510 863 2590 crudelissimo,
886 2516 954 2596 ipsc
972 2537 1066 2593 reus,
1086 2539 1155 2580 om·

139 2614 225 2678 nium
250 2636 332 2697 qnos
356 2623 440 2676 terra
462 2613 614 2687 sustinet,
649 2612 925 2694 flagitiosissimus,
959 2615 1153 2691 teterrimus,

139 2713 409 2788 malitiosissimus,
429 2710 523 2793 cujus
541 2724 644 2773 tamon
655 2710 831 2788 importuno
843 2710 950 2775 feritas
969 2715 1151 2793 nonhabet,

140 2836 205 2896 qno
230 2825 363 2876 uocetur
389 2813 535 2886 nomino,
574 2809 832 2894 quandoquidem
857 2811 891 2873 in
923 2833 990 2875 uno
1014 2816 1152 2892 scetere,

140 2914 228 2995 quod
251 2932 323 2974 cum
348 2914 432 2975 nutto
464 2932 594 2992 prorsus
621 2909 772 2973 maleficio
798 2912 972 2991 comparari
1000 2915 1151 2991 sustinet,

138 3014 233 3073 mutto
258 3011 363 3072 insunt
397 3013 525 3073 socioso.
572 3010 678 3091 Ipsum
701 3009 749 3071 rei
774 3023 868 3092 caput
895 3012 1054 3096 singulare
1087 3026 1152 3091 cst,

138 3111 265 3174 unicum
290 3123 353 3187 ost,
386 3132 446 3174 ncc
473 3110 570 3194 magis
597 3107 701 3173 omnia
726 3111 866 3174 omnium
887 3115 1006 3175 scelera
1035 3114 1151 3191 iincit,

139 3234 233 3297 quam
257 3213 359 3295 ipsum
389 3233 423 3274 se
446 3211 586 3284 cxccttit,
612 3230 648 3271 ac
672 3223 809 3291 superat.
853 3210 949 3292 Quod
975 3213 1003 3275 si
1023 3215 1152 3296 panici.

138 3314 225 3378 dium
245 3334 358 3388 voces,
385 3310 573 3394 proditionis
594 3309 708 3373 obiitus
724 3310 861 3386 videris,
880 3311 907 3373 si
923 3313 1003 3374 hanc
1024 3314 1152 3378 addide-

138 3414 201 3488 ris,
229 3435 307 3495 erga
333 3433 440 3476 senem
463 3408 672 3492 ingratitudo,
703 3431 780 3493 crgo
804 3407 953 3489 juvenem
973 3412 1152 3495 obsequen.

138 3514 289 3587 tissimum
301 3512 441 3593 impietas
454 3511 551 3572 abest.
589 3511 698 3572 Restat
710 3508 859 3591 perfidis,
879 3532 948 3595 quc
967 3532 1032 3574 non
1047 3525 1153 3594 potest
1210 3504 1213 3509 ¹

139 3616 266 3677 iturum
288 3611 468 3693 proditione
491 3606 661 3690 conjungi,
680 3621 716 3671 ut
739 3632 806 3672 non
822 3631 893 3673 suos
907 3610 968 3674 sibi
991 3611 1151 3693 speciatim

139 3725 241 3796 partes
266 3712 425 3775 vendicet.
475 3714 553 3791 (turc
577 3709 681 3773 omnio
703 3710 743 3770 ud
770 3709 851 3773 illum
874 3714 1028 3776 scotorum
1049 3734 1151 3777 arccm

86 3870 89 3875 .
139 3814 351 3875 cnsdctitotsm
376 3815 529 3887 tendunt,
562 3809 596 3872 in
617 3831 681 3892 qus
706 3820 807 3872 tantus
837 3808 899 3872 tuit
922 3815 991 3887 tric,
1021 3824 1058 3876 ut
1081 3813 1151 3895 cjrrs

141 3914 311 3979 immanitas
325 3913 453 3996 intelligi
466 3911 582 3994 possit,
603 3908 664 3971 dici
679 3930 744 3971 non
755 3909 864 3989 possit.
902 3909 966 3973 sen
975 3909 1037 3990 jain
1050 3914 1149 3977 credo

140 4020 227 4080 tocius
242 4026 307 4090 cst,
325 4026 360 4076 ut
378 4012 527 4077 brevibus
544 4030 611 4073 rem
628 4021 746 4085 gestam
763 4008 868 4072 verbis
887 4030 1062 4091 exponam,
1081 4035 1150 4097 quis

139 4117 197 4180 etsi
225 4128 299 4178 notu
323 4115 396 4177 satis
424 4122 487 4186 cst,
524 4109 668 4189 quisdam
695 4120 798 4171 tamon
820 4108 854 4170 in
877 4110 1036 4173 communi
1068 4112 1151 4176 tamt

138 4217 291 4279 dissidere
319 4216 403 4277 inter
432 4231 467 4274 sc
502 4209 669 4284 videntur,
711 4229 778 4271 uon
810 4208 897 4291 quod
936 4208 1047 4293 aliquis
1081 4216 1152 4294 ptus

174 4447 204 4515 ⁸)
223 4458 352 4512 uideatur,
370 4451 498 4499 rideretur.
533 4440 574 4503 ”t
590 4450 693 4506 proteat
702 4483 711 4508 ,
731 4446 848 4507 proderet.
