2624 5108
400 52 519 245 Ι
639 121 640 139 l

445 783 573 856 Oratio
598 776 845 860 Deeimarum.
1083 795 1153 868 on

139 974 444 1053 Expectatlloman't
458 975 602 1051 ecelesia,
615 976 770 1039 universo
780 975 962 1042 Christiane
975 965 1153 1063 reipublice

138 1077 238 1154 eapite
253 1089 284 1137 et
302 1077 437 1138 membra
455 1073 487 1135 in
500 1077 732 1139 serenissimum
746 1079 829 1138 hune
843 1093 1034 1142 conventum
1051 1080 1153 1163 suspi-

139 1175 233 1235 einnt.
280 1177 313 1236 Si
339 1176 488 1237 delinitur
511 1197 596 1237 nune
621 1177 714 1251 nihil,
749 1178 775 1239 si
795 1178 828 1238 in
848 1180 942 1240 alium
960 1193 1152 1244 conventum

139 1272 302 1348 differtur,
340 1275 570 1337 confundemur
598 1293 705 1335 omnes
731 1276 764 1338 in
790 1279 1010 1358 expectatione
1037 1293 1154 1345 nostre.

144 1372 281 1448 Cavete,
314 1396 354 1436 ne
377 1376 483 1437 ‹liletio
505 1373 645 1438 hostibus
668 1377 896 1457 componendi,
931 1381 1002 1439 enni
1033 1380 1154 1456 Persis,

139 1475 342 1557 finitimisque
354 1475 419 1537 aliis
428 1475 712 1556 ternpnspraeheat,
728 1477 903 1538 Germanos
922 1479 1085 1558 principes
1098 1478 1156 1545 lin·

141 1594 273 1656 guarum
288 1572 442 1637 morsibus
462 1585 615 1654 exponet,
636 1572 884 1658 christianisque
900 1579 1028 1658 populis
1045 1578 1157 1660 ‹lespe-

140 1675 292 1737 retionem
309 1675 444 1737 inducet.
483 1674 747 1749 Animetlrertile,
766 1675 958 1755 gravissimi,
978 1677 1158 1745 isurmeom

142 1787 268 1837 venturu
295 1777 465 1837 lirrnlomen
490 1792 579 1848 esse,
615 1794 711 1853 snper
738 1793 805 1855 qno
829 1780 1036 1839 tenta-moles
1061 1800 1158 1858 expe·

140 1876 268 1936 ditionis
285 1876 437 1955 erigenda
456 1886 513 1934 est.
558 1872 766 1935 contamino
787 1874 905 1956 qnippe
923 1877 1033 1954 vobis,
1066 1877 1159 1942 Chri·

140 1973 232 2036 stioni
257 1975 411 2054 principes
437 1972 549 2054 reliqui
577 1974 734 2034 retrahent
757 1977 869 2054 procul
893 1973 992 2037 drtbio
1010 1975 1159 2055 ¹animum,

142 2086 174 2137 et
200 2092 323 2137 menum
351 2074 390 2135 ab
421 2074 478 2135 hoo
502 2066 714 2153 expeditione.
761 2073 793 2135 Si
819 2072 986 2135 Germania
1017 2075 1159 2155 (nient),

141 2169 232 2252 enjus
260 2173 393 2254 primum
421 2173 565 2246 interest,
598 2173 672 2253 quie
692 2172 825 2237 Romani
854 2172 977 2252 imperii
998 2173 1162 2255 dignitate,

142 2275 307 2354 gloriaque
333 2268 519 2347 illustratur,
551 2270 603 2333 eui
629 2273 766 2335 ecelesiae
791 2270 937 2332 deseruio
963 2283 1012 2333 est
1037 2272 1160 2349 tradita,

142 2372 239 2434 verba
265 2373 333 2446 dut,
362 2373 466 2454 deque
492 2383 650 2434 conventu
676 2373 919 2433 inconventum
945 2369 1163 2435 deffinitionem

142 2472 306 2545 transfert,
339 2470 416 2552 qnid
443 2471 533 2532 nobis
560 2473 716 2545 reundum
743 2469 799 2543 sit,
833 2470 979 2532 discimus
1004 2472 1095 2534 l‘aeile
1124 2473 1164 2534 ab

143 2575 299 2652 exemplo.
357 2573 473 2654 Sieque
512 2583 617 2635 vestre
647 2567 828 2632 Christiane
866 2569 1045 2650 reipublice
1074 2588 1165 2635 more

141 2672 252 2753 (qnod
278 2669 377 2743 obsit)
400 2670 522 2732 ruinent
540 2669 648 2750 pariet.
687 2667 870 2730 Causebnnt
889 2670 976 2730 multi
998 2670 1164 2735 absentum

142 2771 334 2842 libertatem,
355 2765 560 2850 jurejurando
578 2767 702 2846 (ajunt)
718 2768 834 2830 nostris
851 2779 995 2831 tenemur
1012 2769 1162 2845 eeclesiis,

143 2867 184 2932 nil
203 2883 312 2933 eontra
328 2889 435 2932 earum
452 2870 615 2933 connnodtt
632 2866 690 2929 illis
708 2867 889 2928 inconsultis
902 2887 1015 2950 agere,
1035 2891 1100 2931 non
1115 2881 1163 2932 est

143 2967 237 3030 uobis
256 2971 396 3048 delegata
416 2982 554 3050 potestus
574 2970 719 3030 absentes
737 2969 919 3051 colligendi.
955 2967 1074 3035 Ibimus
1093 2971 1162 3032 illos

143 3067 335 3140 eorrsultum,
366 3080 460 3149 atque
479 3072 651 3142 horterum,
683 3066 858 3132 reseremus
876 3070 992 3132 deirrde
1011 3073 1110 3133 altero
1129 3070 1164 3132 io

142 3178 304 3228 conventu
326 3170 439 3240 verbo,
460 3187 530 3230 eum
551 3169 632 3228 bona
652 3168 784 3229 istorum
804 3168 897 3231 venia
913 3168 1065 3244 dixerim,
1090 3179 1164 3232 sunt

143 3268 209 3331 lraee
236 3287 300 3327 non
326 3270 457 3328 multum
481 3266 662 3329 dissidentis
687 3267 726 3326 ab
751 3267 883 3343 inlleiis;
918 3266 1121 3350 impossibilia
1146 3292 1167 3330 ι

144 3367 237 3429 nobis
263 3367 341 3445 petit
367 3386 471 3428 nemo.
520 3365 632 3428 Fidem
658 3363 770 3430 violari
796 3369 980 3444 horremus,
1014 3388 1108 3453 quem
1133 3380 1165 3430 et

143 3466 226 3529 hosti
253 3467 437 3530 servandam
462 3485 531 3529 esse
555 3465 733 3535 didicimus.
772 3469 868 3544 Quod
893 3481 999 3531 vestra
1023 3469 1163 3547 interest,

145 3579 178 3626 et
198 3565 286 3648 quod
305 3564 338 3627 in
357 3576 461 3628 vestre
480 3565 572 3628 situm
588 3574 638 3624 sn
657 3572 828 3644 potestate,
848 3569 1009 3646 poscimus
1024 3568 1163 3644 deeerni,

145 3665 263 3726 seilicet
287 3687 372 3728 nune
397 3658 632 3743 expeditionem
658 3662 692 3723 ln
714 3662 853 3738 Tereos,
883 3665 1016 3729 delinire
1033 3668 1165 3731 modum

146 3765 346 3846 comparendi
373 3781 517 3826 nummo·
542 3760 656 3824 nullius
680 3780 752 3822 eum
778 3759 903 3841 injurie.
948 3763 1164 3845 Jurejurando

145 3867 272 3928 demum
297 3874 470 3945 spontaneo
497 3872 665 3942 presentes
690 3859 840 3941 astringi,
873 3862 1003 3924 (lenires
1025 3883 1060 3926 se
1081 3862 1166 3923 hone

145 3963 209 4026 lide
228 3983 374 4042 oper-mn,
401 3974 435 4024 nt
454 3961 527 4026 huie
541 3961 677 4023 tlehnitae
696 3947 878 4021 erieeutioui
897 3960 1023 4022 demum
1039 3962 1163 4024 derttnr.

146 4061 220 4123 Non
233 4074 305 4123 sunt
326 4064 389 4124 hee
406 4071 513 4125 contre
535 4057 740 4140 jurisjurandi
753 4061 882 4121 cultum.
921 4060 994 4121 Non
1007 4061 1167 4123 excedunt

146 4160 210 4222 lnee
223 4172 333 4223 vestre
349 4161 459 4223 limites
477 4157 648 4240 potestatis.
687 4160 761 4220 Non
779 4159 897 4222 obsintt
912 4162 976 4223 hee
990 4161 1166 4225 absentium

146 4257 289 4322 libertati.
328 4261 444 4321 'l'ollite
469 4261 575 4340 itaque
603 4278 723 4333 mores,
749 4279 875 4338 semper
899 4261 1009 4322 nocuit
1036 4262 1164 4327 differre

145 4359 270 4436 paretis.
319 4361 371 4421 An
400 4379 466 4420 non
496 4366 700 4440 perstarent
729 4359 834 4422 onmia
862 4360 902 4423 tul
931 4362 1166 4445 espeffltionem

180 4490 245 4538 niu.
263 4491 308 4551 ορ.
324 4494 352 4543 r.
369 4496 399 4545 u.
798 4468 843 4545 35
