2624 5108
219 305 226 316 r

688 498 702 519 'l

433 860 664 935 Maximilinni
689 863 854 936 Caesaris.
1046 878 1055 895 '
1081 872 1152 947 289

144 1054 235 1109 Nune
254 1055 359 1108 corriti
379 1054 485 1124 opibus
503 1056 592 1111 nobis
612 1056 797 1123 blandimur,
825 1064 852 1109 et
866 1058 945 1113 inter

214 1151 331 1199 qnunna
352 1148 517 1217 voluptates
534 1149 636 1202 vivere
652 1149 753 1203 militia
770 1159 844 1203 est..

144 1238 180 1292 Et
205 1257 260 1291 nos
280 1241 396 1306 errando
416 1241 489 1293 adeo
508 1240 607 1305 Cesar
624 1241 680 1296 sibi
700 1243 825 1312 quisque
842 1243 973 1311 videtur,

214 1332 386 1399 Accipimus
405 1343 511 1400 praeter
526 1348 638 1385 nomen
657 1334 741 1387 inane
764 1334 853 1404 nibil,

145 1422 228 1493 Saepe
253 1424 370 1491 quitum
390 1426 523 1478 mandata
541 1426 666 1491 damus,
698 1427 839 1496 regnique
857 1438 991 1482 sensnm

213 1515 374 1581 cogimus,
405 1517 535 1585 auspicio
554 1517 775 1588 deserimusque
794 1520 888 1573 bono.

145 1608 269 1677 Semper
285 1619 313 1662 et
330 1608 391 1661 boo
409 1609 515 1663 iterum
532 1609 717 1678 iaciendum,
737 1611 921 1682 iterumque,
937 1628 998 1673 neo
1013 1628 1156 1686 nuquam,

215 1700 338 1753 Concilii
359 1700 446 1753 linem
463 1700 598 1755 lubricus
616 1702 700 1757 orbis
717 1703 818 1759 babet.

142 1793 254 1848 Donec
273 1792 423 1846 inutilibus
446 1790 570 1849 terimus
587 1795 784 1851 conventibus
801 1812 915 1865 mm,

214 1887 356 1938 Hostibus
374 1884 469 1939 infidis
485 1884 555 1957 quid
571 1887 627 1941 uisi
645 1889 743 1958 prede
760 1904 874 1945 sumus.

145 1978 195 2031 Ah
213 1978 300 2046 pudet
319 1977 433 2046 imperii
453 1966 570 2045 quoiies
589 1978 635 2033 illa
652 1981 761 2053 inclyta
777 1993 908 2038 mentem

214 2069 323 2122 Euxini
342 2068 431 2122 subiit
448 2069 561 2139 luxque
578 2069 729 2144 decusque
747 2075 847 2131 maria.

143 2164 181 2215 At
203 2161 258 2214 nisi
277 2179 333 2215 nos
358 2162 616 2233 fallant-promissi
633 2166 755 2221 oracula
777 2168 848 2237 lati,

211 2254 274 2309 Pro
294 2254 340 2308 tali
363 2271 463 2325 poenas
483 2254 607 2310 erimine
627 2256 729 2312 Tutus
745 2258 838 2315 dabis.

142 2350 219 2403 Ante
243 2347 431 2414 coegerimus
449 2346 595 2401 Venetum
613 2347 642 2402 iu
659 2364 713 2404 sua
729 2360 830 2419 stagna
848 2346 1011 2415 rebellem,

210 2439 399 2506 Fregerimus
416 2440 536 2493 cristam
555 2440 642 2496 Galle
660 2440 791 2511 superbe
807 2448 899 2497 mam.

142 2530 232 2586 Tunc
251 2530 367 2584 dubitur
389 2540 501 2585 nostre
513 2531 576 2599 jam
593 2532 674 2602 lapse
691 2528 799 2602 peleti}
811 2522 920 2587 Romu

210 2623 334 2688 Visere,
361 2631 390 2674 et
409 2627 543 2690 Augusto
562 2622 696 2676 Tibridin
714 2638 801 2676 amne
820 2620 900 2677 vehi.

143 2715 273 2789 Quoque
291 2713 389 2768 minus
410 2713 546 2780 dubites,
568 2714 632 2783 jam
651 2730 713 2769 uon
730 2711 897 2785 promissa,
922 2715 974 2769 aed
992 2715 1086 2785 ipsam

210 2807 320 2877 Aspice
339 2823 398 2860 uon
417 2806 492 2861 licto
512 2806 647 2875 pondere
664 2812 742 2861 stare
760 2806 859 2862 iidem.

140 2898 223 2953 Dum
243 2915 299 2951 nos
319 2896 461 2951 Vindelici
480 2913 613 2968 preceps
632 2901 760 2967 Augusta
781 2898 868 2953 Suevi

207 2992 351 3055 Detinet,
381 2999 410 3043 et
427 2990 545 3060 populis
561 2990 671 3044 Martia
685 2990 753 3059 jure
770 2991 883 3045 damur.

142 3082 226 3135 Duru
243 3081 294 3135 tibi
314 3081 489 3135 Teutonicae
510 3081 671 3136 fortissima
687 3095 810 3153 pectore
828 3092 949 3153 gentes,

212 3172 274 3228 Tot
292 3173 454 3242 conjuratis
471 3172 602 3227 millibus
620 3190 700 3230 arma
711 3184 824 3246 parant.

143 3268 261 3320 Interea
282 3266 426 3320 Venetum
443 3265 564 3319 sociatis
582 3265 713 3321 millibus
737 3284 857 3336 agmen,

214 3357 410 3431 Quadraginta
427 3356 582 3411 homiuum
600 3358 689 3412 millia
706 3359 811 3418 Gallus
829 3361 896 3429 egit.

142 3452 212 3505 darn
231 3460 293 3505 tuto
315 3450 472 3521 populatus
493 3465 599 3517 agros,
627 3452 785 3521 populatus
802 3462 833 3507 et
851 3452 960 3521 urbes,

209 3543 340 3597 Abstulit
359 3543 433 3596 irato
454 3540 576 3595 fulmina
593 3556 670 3612 pene
688 3540 770 3596 Jovt.

141 3637 187 3690 lla
205 3637 320 3702 scelus,
354 3644 383 3688 et
400 3648 550 3704 nunquam
567 3632 708 3687 violentia
724 3640 785 3687 tutu
803 3633 927 3704 perieli,

212 3726 299 3782 Galle
317 3727 366 3781 diu
385 3724 472 3781 ludus
489 3741 550 3780 nou
567 3724 647 3779 stetit
664 3723 718 3777 iste
733 3721 798 3777 tibi.

141 3819 255 3889 lnelyts
274 3820 375 3874 deerat
392 3818 489 3873 adhue
506 3817 591 3871 tentis
608 3816 729 3871 Verona
745 3814 923 3884 triumphis,

210 3913 284 3983 Spes
302 3920 368 3964 nata
388 3917 433 3963 est
450 3909 571 3965 Venetis
587 3909 666 3963 hano
682 3921 803 3979 quoque
820 3920 910 3975 posse
928 3908 1005 3978 oapi.

143 4002 208 4057 Ter
226 4005 337 4056 frustra
355 4010 543 4072 oppugnent,
572 4010 679 4069 magna
694 4009 742 4054 ter
759 3999 839 4053 ende
856 3998 985 4067 repulsi,

211 4094 304 4168 Quod
320 4101 472 4165 nequeunt
489 4084 597 4159 armis,
625 4092 688 4147 hoe
704 4091 828 4146 voluere
844 4088 942 4143 minis.

141 4184 217 4242 Dira
236 4187 356 4257 quidem
373 4186 482 4241 nostris
500 4184 643 4252 ducibus,
668 4184 753 4239 detur
770 4182 874 4254 optio,
900 4158 1011 4255 velient

211 4279 279 4332 Sive
297 4278 404 4331 urbem
423 4276 520 4332 triduo
538 4276 677 4343 tradere,
702 4275 765 4331 aive
782 4274 871 4331 mori.

141 4370 288 4442 Improbe
305 4378 338 4423 tu
355 4388 392 4425 ne
409 4369 497 4424 minis
516 4374 634 4437 gentem
656 4374 770 4429 terrere
790 4368 931 4438 probauit
940 4406 950 4436 ,

213 4462 314 4535 Quum
332 4475 463 4536 nequeas
480 4452 571 4515 umis
587 4459 709 4515 viuum
718 4496 731 4529 ,
756 4458 844 4517 Galle
860 4461 973 4523 voleal·

176 4583 243 4631 unu
260 4586 304 4646 op.
322 4587 350 4634 r.
367 4587 398 4634 11.
770 4562 835 4675 ι19
