2624 5108
362 895 408 966 ad
432 893 717 969 Murimiliuuum
741 895 938 971 Caesarem.
1084 895 1154 973 2⁷⁷

143 1083 217 1140 Non
239 1100 293 1152 ego
312 1085 361 1139 vel
378 1086 620 1157 magui-pretium
638 1087 691 1143 tibi
709 1087 917 1156 vitalitatis,

211 1175 284 1231 Non
305 1194 359 1244 ego
380 1195 432 1232 cro
452 1179 544 1234 Marti
564 1195 653 1235 eausa
669 1180 804 1250 pudende
821 1190 886 1237 tuo.

142 1271 190 1323 Au
212 1270 278 1339 quis
299 1269 379 1323 mille
399 1281 475 1325 rates
494 1289 550 1343 pro
569 1274 697 1341 conjuge
715 1272 795 1327 duoit
812 1272 841 1328 in
858 1273 965 1339 ermis,

213 1361 264 1415 Tu
281 1362 362 1415 bello
384 1364 540 1433 pulchrum
557 1382 620 1421 nou
636 1365 712 1435 petis
728 1365 861 1423 ltaliem?

142 1453 172 1508 si
191 1455 349 1525 quaerenda
372 1456 490 1524 torem,
509 1464 628 1528 poteras
646 1457 761 1511 aliunde
779 1457 912 1525 tuorarl,

212 1547 303 1602 Nune
322 1547 393 1611 tibi,
411 1564 481 1601 cum
498 1558 546 1603 tus
564 1550 638 1616 sim,
657 1550 754 1620 prims
770 1550 895 1605 tenende
913 1551 967 1611 liri,

143 1639 196 1696 Tu
214 1650 300 1710 eaput
321 1656 353 1693 es
371 1640 497 1707 Rome,
513 1641 615 1696 mundi
633 1653 722 1712 eaput
744 1642 793 1697 illa
810 1652 953 1711 vocetur,

213 1733 260 1786 Ah
279 1749 348 1800 ago,
367 1732 416 1802 qui
437 1749 538 1787 rerum
554 1748 587 1788 ee
607 1734 707 1788 omuie
729 1734 817 1789 vinee
837 1741 934 1806 eaput.

143 1827 204 1879 Aut
219 1824 282 1881 hoe
301 1826 327 1879 si
344 1825 467 1881 uitulum
486 1833 549 1892 est,
566 1825 670 1879 saltem
690 1826 760 1881 illud
777 1826 865 1881 vinee
882 1827 1012 1893 tuendo,

214 1917 284 1991 Quo
304 1916 374 1969 nihil
394 1916 516 1971 uberius
536 1917 685 1971 maximus
706 1918 791 1973 orbis
807 1917 908 1976 habet.

144 2009 243 2064 Causa
260 2009 355 2077 gravis
373 2009 463 2076 belli,
482 2009 589 2064 victori
607 2011 737 2065 murima
754 2010 817 2066 laus
835 2020 899 2078 est,

214 2102 376 2159 Praedones
397 2101 482 2156 Latio
502 2102 614 2171 pellere
634 2101 670 2155 sb
690 2102 829 2175 imperio,

141 2195 317 2250 Romanum
338 2194 469 2248 formare
487 2203 594 2248 statum
607 2232 617 2261 ‚
632 2194 740 2248 vicisse
758 2194 927 2267 superbos,

212 2287 252 2342 Et
270 2287 387 2340 tandem
409 2287 536 2340 Romam
555 2284 716 2341 restituisse
734 2287 802 2342 sibi.

143 2381 211 2434 Hue
230 2380 299 2433 sdes
308 2410 326 2444 ,·
336 2388 364 2432 et
382 2380 503 2443 modico
522 2395 596 2448 espe
615 2380 734 2450 premia
751 2395 868 2435 sumtus
884 2378 1009 2446 labore,

213 2470 323 2524 Dicam
343 2487 448 2525 omnes
465 2488 527 2525 uno
548 2481 578 2526 te
595 2472 742 2527 meruisse
760 2471 869 2526 minus.

145 2563 284 2616 Ausoniae
302 2563 471 2617 lacerentur
489 2579 581 2633 opes,
600 2562 692 2617 decus
711 2578 801 2617 omne
819 2562 916 2618 Latini

212 2655 354 2711 Nominis
372 2666 499 2710 externo
517 2655 663 2715 suceuhut
680 2653 859 2724 opprobrio.

142 2745 233 2803 Pulsa
255 2747 353 2801 omnis
373 2747 458 2803 Latio
479 2747 590 2816 virtus,
607 2748 660 2803 fex
683 2746 741 2801 ime
758 2747 889 2817 resedit,

212 2839 320 2895 Mente
340 2838 411 2897 abiit
428 2840 561 2910 quisquis
579 2836 723 2894 liberiore
742 2838 805 2896 suit.

141 2931 232 2987 Nuda
250 2929 322 2984 viris
343 2947 463 2987 meeum
481 2948 593 3002 pueros
610 2932 679 3000 ulo,
698 2946 823 3005 queque
843 2934 1002 3003 supersunt

215 3026 343 3080 intactas
361 3024 439 3080 Galli
458 3042 520 3078 nou
539 3023 664 3078 voluere
682 3039 787 3080 nurus.

145 3115 278 3170 Infertur
297 3117 408 3171 teneris
427 3115 473 3169 uls
494 3115 665 3186 quotidiana
684 3116 807 3188 puellis,

215 3208 287 3264 Non
306 3209 380 3263 mihi
398 3218 549 3265 matronas
567 3224 648 3263 nune
665 3208 737 3263 licet
756 3222 822 3263 esse
841 3203 963 3277 probas.

144 3300 222 3356 Non
238 3314 347 3369 sexus,
367 3316 430 3355 non
448 3310 494 3354 est
508 3300 559 3354 'oui
578 3315 654 3355 save
672 3299 844 3373 pepercerit
860 3306 929 3353 atas

217 3390 329 3461 Gallis,
348 3410 410 3448 nou
429 3391 499 3462 ipsis
517 3391 644 3447 abstinet
660 3392 708 3447 illu
725 3391 814 3449 Deis.

142 3484 256 3554 Objiee
276 3494 304 3537 te
326 3485 430 3539 rabido
450 3485 558 3538 virtute
576 3484 683 3539 ultriee
702 3482 817 3549 furori,
919 3500 923 3507 ·

212 3577 264 3632 Nil
284 3578 389 3649 reliqui
408 3577 508 3631 victor
523 3576 588 3645 jam
609 3575 680 3630 feeit
699 3574 754 3631 iste
771 3574 856 3631 mihi.

143 3668 331 3724 Foemineum
347 3669 490 3725 miserare
510 3684 621 3737 genus,
639 3680 811 3738 puerosque
830 3664 977 3737 Deosque

213 3758 325 3829 Eripe,
349 3762 429 3830 quod
448 3761 570 3831 perdum
584 3798 594 3827 ,
610 3759 651 3816 nil
669 3773 762 3828 super
779 3755 833 3809 ista
850 3765 959 3813 manet.

110 3903 117 3914 ,
143 3853 236 3909 Serva
255 3852 381 3922 aliquid,
401 3853 473 3905 dum
495 3868 557 3907 non
576 3851 728 3922 perierunt
746 3845 865 3913 omnis,
883 3862 921 3903 ne
940 3860 1011 3902 euru

213 3944 332 3998 Servari
352 3944 453 4013 cupies
470 3944 617 4015 plurime,
634 3940 715 4017 nulla
732 3947 851 4011 queunt.

140 4037 330 4093 Maturasset
348 4052 425 4108 opus
443 4052 515 4091 essu
532 4033 703 4097 Friderieus
722 4031 849 4096 inloto,

213 4130 329 4184 Cuncta
348 4128 501 4198 repentino
518 4124 731 4199 precipitesset
749 4139 821 4195 ope.

141 4222 228 4278 Duru
245 4232 346 4276 tamen
365 4221 413 4274 ille
430 4219 528 4276 studet
543 4218 679 4274 ritisirtes
696 4216 807 4273 tollere
826 4210 973 4278 morbos,

213 4313 315 4389 Quum
332 4311 414 4366 volui
432 4312 556 4367 medieas
574 4311 642 4382 plus
661 4307 764 4364 abiere
780 4320 898 4362 munus.

141 4406 266 4478 Rumpe
284 4420 405 4471 morse,
424 4418 536 4457 venere
553 4402 640 4469 dies,
661 4399 834 4457 euneterier
850 4397 928 4451 ultre
990 4460 993 4465 Ι
1057 4468 1061 4476 1

214 4496 277 4571 Qui
296 4496 483 4568 prohibent,
500 4492 581 4549 solve
596 4493 685 4547 laude
702 4490 822 4562 fidoque
839 4499 902 4551 tus.
