<?xml version="1.0" encoding="UTF-8"?>
<!DOCTYPE html PUBLIC "-//W3C//DTD XHTML 1.0 Transitional//EN"
    "http://www.w3.org/TR/xhtml1/DTD/xhtml1-transitional.dtd">
<html xmlns="http://www.w3.org/1999/xhtml" xml:lang="en" lang="en">
 <head>
  <title>
</title>
<meta http-equiv="Content-Type" content="text/html;charset=utf-8" />
  <meta name='ocr-system' content='tesseract 3.04.00' />
  <meta name='ocr-capabilities' content='ocr_page ocr_carea ocr_par ocr_line ocrx_word'/>
</head>
<body>
  <div class='ocr_page' id='page_1' title='image "./ulrichiabhutten03mngoog_0190.png"; bbox 0 0 2624 5108; ppageno 0'>
   <div class='ocr_carea' id='block_1_1' title="bbox 638 75 876 252">
    <p class='ocr_par' dir='ltr' id='par_1_1' title="bbox 638 75 876 252">
     <span class='ocr_line' id='line_1_1' title="bbox 638 75 876 252; baseline -0.013 0"><span class='ocrx_word' id='word_1_1' title='bbox 638 75 756 252; x_wconf 92' lang='grc' dir='ltr'>Ι</span> <span class='ocrx_word' id='word_1_2' title='bbox 875 127 876 180; x_wconf 72' lang='lat' dir='ltr'><strong>i</strong></span> 
     </span>
    </p>
   </div>
   <div class='ocr_carea' id='block_1_2' title="bbox 507 860 1172 955">
    <p class='ocr_par' dir='ltr' id='par_1_2' title="bbox 507 860 1172 955">
     <span class='ocr_line' id='line_1_2' title="bbox 507 860 1172 955; baseline 0 -18"><span class='ocrx_word' id='word_1_3' title='bbox 507 860 638 937; x_wconf 81' lang='lat' dir='ltr'><strong>Oiutio</strong></span> <span class='ocrx_word' id='word_1_4' title='bbox 664 860 817 955; x_wconf 85' lang='lat' dir='ltr'><strong>Quarta.</strong></span> <span class='ocrx_word' id='word_1_5' title='bbox 1106 873 1172 951; x_wconf 76' lang='lat'><strong>179</strong></span> 
     </span>
    </p>
   </div>
   <div class='ocr_carea' id='block_1_3' title="bbox 140 1056 1176 4369">
    <p class='ocr_par' dir='ltr' id='par_1_3' title="bbox 140 1056 1176 4369">
     <span class='ocr_line' id='line_1_3' title="bbox 146 1056 1172 1143; baseline 0.005 -23"><span class='ocrx_word' id='word_1_6' title='bbox 146 1057 231 1121; x_wconf 86' lang='lat' dir='ltr'><strong>inte</strong></span> <span class='ocrx_word' id='word_1_7' title='bbox 253 1058 340 1121; x_wconf 83' lang='lat' dir='ltr'><strong>nulla</strong></span> <span class='ocrx_word' id='word_1_8' title='bbox 356 1064 443 1131; x_wconf 81' lang='lat' dir='ltr'><strong>crat,</strong></span> <span class='ocrx_word' id='word_1_9' title='bbox 473 1056 711 1139; x_wconf 68' lang='lat' dir='ltr'><strong>nullumquam</strong></span> <span class='ocrx_word' id='word_1_10' title='bbox 725 1058 850 1134; x_wconf 85' lang='lat' dir='ltr'><strong>luerat,</strong></span> <span class='ocrx_word' id='word_1_11' title='bbox 883 1081 977 1143; x_wconf 87' lang='lat' dir='ltr'><strong>quam</strong></span> <span class='ocrx_word' id='word_1_12' title='bbox 999 1062 1049 1127; x_wconf 87' lang='lat' dir='ltr'><strong>ille</strong></span> <span class='ocrx_word' id='word_1_13' title='bbox 1066 1072 1172 1127; x_wconf 87' lang='lat' dir='ltr'><strong>tamen</strong></span> 
     </span>
     <span class='ocr_line' id='line_1_4' title="bbox 144 1156 1172 1247; baseline 0.007 -27"><span class='ocrx_word' id='word_1_14' title='bbox 144 1156 265 1241; x_wconf 83' lang='lat' dir='ltr'><strong>ingenii</strong></span> <span class='ocrx_word' id='word_1_15' title='bbox 281 1156 480 1239; x_wconf 72' lang='lat' dir='ltr'><strong>simplicitate</strong></span> <span class='ocrx_word' id='word_1_16' title='bbox 496 1174 567 1220; x_wconf 87' lang='lat' dir='ltr'><strong>esse</strong></span> <span class='ocrx_word' id='word_1_17' title='bbox 582 1156 720 1238; x_wconf 83' lang='lat' dir='ltr'><strong>putabat.</strong></span> <span class='ocrx_word' id='word_1_18' title='bbox 759 1160 885 1223; x_wconf 83' lang='lat' dir='ltr'><strong>Deinde</strong></span> <span class='ocrx_word' id='word_1_19' title='bbox 903 1183 992 1225; x_wconf 86' lang='lat' dir='ltr'><strong>snam</strong></span> <span class='ocrx_word' id='word_1_20' title='bbox 1008 1163 1172 1247; x_wconf 62' lang='lat' dir='ltr'><strong>ablegalrat</strong></span> 
     </span>
     <span class='ocr_line' id='line_1_5' title="bbox 142 1258 1173 1349; baseline 0.005 -26"><span class='ocrx_word' id='word_1_21' title='bbox 142 1258 375 1335; x_wconf 80' lang='lat' dir='ltr'><strong>innocentiam,</strong></span> <span class='ocrx_word' id='word_1_22' title='bbox 416 1277 551 1321; x_wconf 85' lang='lat' dir='ltr'><strong>suorum</strong></span> <span class='ocrx_word' id='word_1_23' title='bbox 579 1258 615 1321; x_wconf 90' lang='lat' dir='ltr'><strong>in</strong></span> <span class='ocrx_word' id='word_1_24' title='bbox 645 1270 677 1322; x_wconf 88' lang='lat' dir='ltr'><strong>te</strong></span> <span class='ocrx_word' id='word_1_25' title='bbox 692 1260 908 1337; x_wconf 69' lang='lat' dir='ltr'><strong>,meritorium</strong></span> <span class='ocrx_word' id='word_1_26' title='bbox 946 1264 997 1326; x_wconf 89' lang='lat' dir='ltr'><strong>sui</strong></span> <span class='ocrx_word' id='word_1_27' title='bbox 1024 1260 1173 1349; x_wconf 89' lang='lat' dir='ltr'><strong>obsequii</strong></span> 
     </span>
     <span class='ocr_line' id='line_1_6' title="bbox 141 1355 1173 1447; baseline 0.006 -24"><span class='ocrx_word' id='word_1_28' title='bbox 141 1360 348 1423; x_wconf 79' lang='lat' dir='ltr'><strong>admonebat.</strong></span> <span class='ocrx_word' id='word_1_29' title='bbox 404 1359 471 1447; x_wconf 49' lang='lat' dir='ltr'><strong>{er</strong></span> <span class='ocrx_word' id='word_1_30' title='bbox 506 1355 715 1423; x_wconf 85' lang='lat' dir='ltr'><strong>Christianam</strong></span> <span class='ocrx_word' id='word_1_31' title='bbox 748 1360 913 1443; x_wconf 81' lang='lat' dir='ltr'><strong>pietatem,</strong></span> <span class='ocrx_word' id='word_1_32' title='bbox 960 1386 1017 1447; x_wconf 92' lang='lat' dir='ltr'><strong>per</strong></span> <span class='ocrx_word' id='word_1_33' title='bbox 1052 1364 1173 1430; x_wconf 82' lang='lat' dir='ltr'><strong>Christi</strong></span> 
     </span>
     <span class='ocr_line' id='line_1_7' title="bbox 142 1458 1172 1549; baseline 0.007 -26"><span class='ocrx_word' id='word_1_34' title='bbox 142 1458 395 1525; x_wconf 77' lang='lat' dir='ltr'><strong>mirericordiam</strong></span> <span class='ocrx_word' id='word_1_35' title='bbox 418 1460 537 1523; x_wconf 82' lang='lat' dir='ltr'><strong>orabat.</strong></span> <span class='ocrx_word' id='word_1_36' title='bbox 575 1461 701 1544; x_wconf 81' lang='lat' dir='ltr'><strong>Quibus</strong></span> <span class='ocrx_word' id='word_1_37' title='bbox 717 1462 864 1529; x_wconf 88' lang='lat' dir='ltr'><strong>omnibus</strong></span> <span class='ocrx_word' id='word_1_38' title='bbox 881 1462 953 1531; x_wconf 81' lang='lat' dir='ltr'><strong>lieri</strong></span> <span class='ocrx_word' id='word_1_39' title='bbox 967 1485 1034 1529; x_wconf 88' lang='lat' dir='ltr'><strong>nou</strong></span> <span class='ocrx_word' id='word_1_40' title='bbox 1049 1469 1172 1549; x_wconf 84' lang='lat' dir='ltr'><strong>potnit,</strong></span> 
     </span>
     <span class='ocr_line' id='line_1_8' title="bbox 142 1562 1173 1642; baseline 0.005 -16"><span class='ocrx_word' id='word_1_41' title='bbox 142 1574 180 1626; x_wconf 86' lang='lat' dir='ltr'><strong>ut</strong></span> <span class='ocrx_word' id='word_1_42' title='bbox 208 1573 245 1625; x_wconf 88' lang='lat' dir='ltr'><strong>tn</strong></span> <span class='ocrx_word' id='word_1_43' title='bbox 274 1562 370 1623; x_wconf 87' lang='lat' dir='ltr'><strong>ullam</strong></span> <span class='ocrx_word' id='word_1_44' title='bbox 393 1562 428 1625; x_wconf 87' lang='lat' dir='ltr'><strong>iu</strong></span> <span class='ocrx_word' id='word_1_45' title='bbox 454 1572 576 1642; x_wconf 87' lang='lat' dir='ltr'><strong>partem</strong></span> <span class='ocrx_word' id='word_1_46' title='bbox 601 1563 799 1627; x_wconf 82' lang='lat' dir='ltr'><strong>humanitatis</strong></span> <span class='ocrx_word' id='word_1_47' title='bbox 825 1584 1027 1631; x_wconf 83' lang='lat' dir='ltr'><strong>revocarere.</strong></span> <span class='ocrx_word' id='word_1_48' title='bbox 1064 1568 1173 1641; x_wconf 82' lang='lat' dir='ltr'><strong>Homo</strong></span> 
     </span>
     <span class='ocr_line' id='line_1_9' title="bbox 142 1659 1173 1750; baseline 0.004 -23"><span class='ocrx_word' id='word_1_49' title='bbox 142 1661 283 1737; x_wconf 69' lang='lat' dir='ltr'><strong>saevitia,</strong></span> <span class='ocrx_word' id='word_1_50' title='bbox 305 1682 345 1725; x_wconf 83' lang='lat' dir='ltr'><strong>ac</strong></span> <span class='ocrx_word' id='word_1_51' title='bbox 359 1660 555 1726; x_wconf 79' lang='lat' dir='ltr'><strong>immmitnte·</strong></span> <span class='ocrx_word' id='word_1_52' title='bbox 566 1659 789 1741; x_wconf 69' lang='lat' dir='ltr'><strong>invictissime,</strong></span> <span class='ocrx_word' id='word_1_53' title='bbox 809 1674 925 1748; x_wconf 85' lang='lat' dir='ltr'><strong>quote</strong></span> <span class='ocrx_word' id='word_1_54' title='bbox 942 1668 1016 1729; x_wconf 91' lang='lat' dir='ltr'><strong>loco</strong></span> <span class='ocrx_word' id='word_1_55' title='bbox 1035 1668 1173 1750; x_wconf 81' lang='lat' dir='ltr'><strong>ponam?</strong></span> 
     </span>
     <span class='ocr_line' id='line_1_10' title="bbox 143 1762 1175 1849; baseline 0.007 -22"><span class='ocrx_word' id='word_1_56' title='bbox 143 1786 212 1849; x_wconf 82' lang='lat' dir='ltr'><strong>quo</strong></span> <span class='ocrx_word' id='word_1_57' title='bbox 241 1762 319 1827; x_wconf 84' lang='lat' dir='ltr'><strong>satis</strong></span> <span class='ocrx_word' id='word_1_58' title='bbox 337 1762 437 1845; x_wconf 80' lang='lat' dir='ltr'><strong>digno</strong></span> <span class='ocrx_word' id='word_1_59' title='bbox 463 1785 611 1828; x_wconf 87' lang='lat' dir='ltr'><strong>sermone</strong></span> <span class='ocrx_word' id='word_1_60' title='bbox 628 1764 663 1827; x_wconf 90' lang='lat' dir='ltr'><strong>in</strong></span> <span class='ocrx_word' id='word_1_61' title='bbox 683 1765 789 1829; x_wconf 85' lang='lat' dir='ltr'><strong>literas</strong></span> <span class='ocrx_word' id='word_1_62' title='bbox 808 1765 971 1829; x_wconf 78' lang='lat' dir='ltr'><strong>referam?</strong></span> <span class='ocrx_word' id='word_1_63' title='bbox 1012 1768 1086 1833; x_wconf 87' lang='lat' dir='ltr'><strong>Tua</strong></span> <span class='ocrx_word' id='word_1_64' title='bbox 1102 1790 1175 1833; x_wconf 88' lang='lat' dir='ltr'><strong>cru·</strong></span> 
     </span>
     <span class='ocr_line' id='line_1_11' title="bbox 142 1854 1175 1965; baseline 0.003 -36"><span class='ocrx_word' id='word_1_65' title='bbox 142 1866 271 1929; x_wconf 70' lang='lat' dir='ltr'><strong>delitare</strong></span> <span class='ocrx_word' id='word_1_66' title='bbox 290 1876 441 1947; x_wconf 85' lang='lat' dir='ltr'><strong>superata</strong></span> <span class='ocrx_word' id='word_1_67' title='bbox 467 1866 569 1929; x_wconf 86' lang='lat' dir='ltr'><strong>omnis</strong></span> <span class='ocrx_word' id='word_1_68' title='bbox 594 1875 643 1929; x_wconf 85' lang='lat' dir='ltr'><strong>est</strong></span> <span class='ocrx_word' id='word_1_69' title='bbox 672 1854 845 1930; x_wconf 68' lang='lat' dir='ltr'><strong>barbaricis.</strong></span> <span class='ocrx_word' id='word_1_70' title='bbox 894 1866 971 1949; x_wconf 87' lang='lat' dir='ltr'><strong>lpse</strong></span> <span class='ocrx_word' id='word_1_71' title='bbox 994 1872 1175 1965; x_wconf 84' lang='lat' dir='ltr'><strong>exemplum</strong></span> 
     </span>
     <span class='ocr_line' id='line_1_12' title="bbox 142 1960 1176 2082; baseline 0.007 -55"><span class='ocrx_word' id='word_1_72' title='bbox 142 1966 283 2047; x_wconf 73' lang='lat' dir='ltr'><strong>posteris</strong></span> <span class='ocrx_word' id='word_1_73' title='bbox 312 1960 458 2041; x_wconf 77' lang='lat' dir='ltr'><strong>edidisti,</strong></span> <span class='ocrx_word' id='word_1_74' title='bbox 497 1967 585 2050; x_wconf 84' lang='lat' dir='ltr'><strong>qnod</strong></span> <span class='ocrx_word' id='word_1_75' title='bbox 612 1964 727 2029; x_wconf 81' lang='lat' dir='ltr'><strong>imitari</strong></span> <span class='ocrx_word' id='word_1_76' title='bbox 751 1966 839 2031; x_wconf 83' lang='lat' dir='ltr'><strong>forle</strong></span> <span class='ocrx_word' id='word_1_77' title='bbox 862 1966 990 2052; x_wconf 84' lang='lat' dir='ltr'><strong>aliquis,</strong></span> <span class='ocrx_word' id='word_1_78' title='bbox 1024 1990 1176 2082; x_wconf 76' lang='lat' dir='ltr'><strong>superare</strong></span> 
     </span>
     <span class='ocr_line' id='line_1_13' title="bbox 140 2065 1175 2163; baseline 0.003 -32"><span class='ocrx_word' id='word_1_79' title='bbox 140 2086 242 2131; x_wconf 86' lang='lat' dir='ltr'><strong>nemo</strong></span> <span class='ocrx_word' id='word_1_80' title='bbox 263 2065 381 2147; x_wconf 84' lang='lat' dir='ltr'><strong>possit,</strong></span> <span class='ocrx_word' id='word_1_81' title='bbox 413 2088 456 2130; x_wconf 92' lang='lat' dir='ltr'><strong>ne</strong></span> <span class='ocrx_word' id='word_1_82' title='bbox 482 2086 608 2163; x_wconf 69' lang='lat' dir='ltr'><strong>sequare</strong></span> <span class='ocrx_word' id='word_1_83' title='bbox 631 2068 771 2151; x_wconf 84' lang='lat' dir='ltr'><strong>quidem.</strong></span> <span class='ocrx_word' id='word_1_84' title='bbox 817 2067 903 2151; x_wconf 77' lang='lat' dir='ltr'><strong>Quid</strong></span> <span class='ocrx_word' id='word_1_85' title='bbox 925 2068 1012 2135; x_wconf 84' lang='lat' dir='ltr'><strong>ertim</strong></span> <span class='ocrx_word' id='word_1_86' title='bbox 1036 2071 1087 2133; x_wconf 86' lang='lat' dir='ltr'><strong>isti</strong></span> <span class='ocrx_word' id='word_1_87' title='bbox 1114 2070 1175 2134; x_wconf 90' lang='lat' dir='ltr'><strong>sibi</strong></span> 
     </span>
     <span class='ocr_line' id='line_1_14' title="bbox 143 2165 1175 2251; baseline 0.004 -22"><span class='ocrx_word' id='word_1_88' title='bbox 143 2170 257 2231; x_wconf 78' lang='lat' dir='ltr'><strong>solunt</strong></span> <span class='ocrx_word' id='word_1_89' title='bbox 276 2165 371 2231; x_wconf 89' lang='lat' dir='ltr'><strong>toties</strong></span> <span class='ocrx_word' id='word_1_90' title='bbox 396 2167 525 2247; x_wconf 88' lang='lat' dir='ltr'><strong>repetiti</strong></span> <span class='ocrx_word' id='word_1_91' title='bbox 550 2168 656 2231; x_wconf 85' lang='lat' dir='ltr'><strong>ictus?</strong></span> <span class='ocrx_word' id='word_1_92' title='bbox 694 2169 753 2233; x_wconf 79' lang='lat' dir='ltr'><strong>ists</strong></span> <span class='ocrx_word' id='word_1_93' title='bbox 771 2169 1005 2251; x_wconf 77' lang='lat' dir='ltr'><strong>sanguinolenti</strong></span> <span class='ocrx_word' id='word_1_94' title='bbox 1029 2170 1175 2251; x_wconf 86' lang='lat' dir='ltr'><strong>corporis</strong></span> 
     </span>
     <span class='ocr_line' id='line_1_15' title="bbox 146 2266 1174 2349; baseline 0 -20"><span class='ocrx_word' id='word_1_95' title='bbox 146 2266 334 2349; x_wconf 74' lang='lat' dir='ltr'><strong>reptatio?</strong></span> <span class='ocrx_word' id='word_1_96' title='bbox 324 2279 383 2330; x_wconf 79' lang='lat' dir='ltr'><strong>ista</strong></span> <span class='ocrx_word' id='word_1_97' title='bbox 401 2268 590 2331; x_wconf 86' lang='lat' dir='ltr'><strong>innocenter</strong></span> <span class='ocrx_word' id='word_1_98' title='bbox 606 2268 704 2334; x_wconf 79' lang='lat' dir='ltr'><strong>occisi</strong></span> <span class='ocrx_word' id='word_1_99' title='bbox 695 2267 771 2331; x_wconf 83' lang='lat' dir='ltr'><strong>abs</strong></span> <span class='ocrx_word' id='word_1_100' title='bbox 785 2281 815 2335; x_wconf 83' lang='lat' dir='ltr'><strong>te</strong></span> <span class='ocrx_word' id='word_1_101' title='bbox 832 2270 1057 2349; x_wconf 85' lang='lat' dir='ltr'><strong>pulcherrimi</strong></span> <span class='ocrx_word' id='word_1_102' title='bbox 1048 2267 1174 2349; x_wconf 69' lang='lat' dir='ltr'><strong>juvenis</strong></span> 
     </span>
     <span class='ocr_line' id='line_1_16' title="bbox 150 2368 1174 2452; baseline 0.002 -23"><span class='ocrx_word' id='word_1_103' title='bbox 150 2368 336 2449; x_wconf 83' lang='lat' dir='ltr'><strong>suspensio?</strong></span> <span class='ocrx_word' id='word_1_104' title='bbox 372 2368 432 2433; x_wconf 81' lang='lat' dir='ltr'><strong>iste</strong></span> <span class='ocrx_word' id='word_1_105' title='bbox 454 2370 494 2432; x_wconf 84' lang='lat' dir='ltr'><strong>ad</strong></span> <span class='ocrx_word' id='word_1_106' title='bbox 518 2371 713 2451; x_wconf 83' lang='lat' dir='ltr'><strong>sepulturam</strong></span> <span class='ocrx_word' id='word_1_107' title='bbox 742 2369 938 2452; x_wconf 81' lang='lat' dir='ltr'><strong>denegatio?</strong></span> <span class='ocrx_word' id='word_1_108' title='bbox 970 2370 1028 2432; x_wconf 86' lang='lat' dir='ltr'><strong>ista</strong></span> <span class='ocrx_word' id='word_1_109' title='bbox 1052 2389 1174 2449; x_wconf 88' lang='lat' dir='ltr'><strong>nupera</strong></span> 
     </span>
     <span class='ocr_line' id='line_1_17' title="bbox 151 2466 1173 2550; baseline 0.001 -19"><span class='ocrx_word' id='word_1_110' title='bbox 151 2466 371 2532; x_wconf 75' lang='lat' dir='ltr'><strong>misericordiae</strong></span> <span class='ocrx_word' id='word_1_111' title='bbox 386 2481 501 2531; x_wconf 84' lang='lat' dir='ltr'><strong>nostrae</strong></span> <span class='ocrx_word' id='word_1_112' title='bbox 520 2468 669 2550; x_wconf 78' lang='lat' dir='ltr'><strong>punitio?</strong></span> <span class='ocrx_word' id='word_1_113' title='bbox 711 2470 763 2531; x_wconf 91' lang='lat' dir='ltr'><strong>Sic</strong></span> <span class='ocrx_word' id='word_1_114' title='bbox 782 2491 824 2531; x_wconf 89' lang='lat' dir='ltr'><strong>ne</strong></span> <span class='ocrx_word' id='word_1_115' title='bbox 843 2489 913 2533; x_wconf 85' lang='lat' dir='ltr'><strong>esse</strong></span> <span class='ocrx_word' id='word_1_116' title='bbox 939 2468 1037 2533; x_wconf 85' lang='lat' dir='ltr'><strong>iratus</strong></span> <span class='ocrx_word' id='word_1_117' title='bbox 1055 2468 1173 2532; x_wconf 88' lang='lat' dir='ltr'><strong>misero</strong></span> 
     </span>
     <span class='ocr_line' id='line_1_18' title="bbox 147 2568 1174 2650; baseline 0.001 -20"><span class='ocrx_word' id='word_1_118' title='bbox 147 2568 295 2650; x_wconf 90' lang='lat' dir='ltr'><strong>potuisti,</strong></span> <span class='ocrx_word' id='word_1_119' title='bbox 338 2580 375 2632; x_wconf 89' lang='lat' dir='ltr'><strong>ut</strong></span> <span class='ocrx_word' id='word_1_120' title='bbox 409 2571 510 2633; x_wconf 87' lang='lat' dir='ltr'><strong>nolles</strong></span> <span class='ocrx_word' id='word_1_121' title='bbox 543 2582 678 2633; x_wconf 88' lang='lat' dir='ltr'><strong>mortem</strong></span> <span class='ocrx_word' id='word_1_122' title='bbox 703 2568 850 2650; x_wconf 84' lang='lat' dir='ltr'><strong>supplicii</strong></span> <span class='ocrx_word' id='word_1_123' title='bbox 876 2580 1054 2633; x_wconf 81' lang='lat' dir='ltr'><strong>extremum</strong></span> <span class='ocrx_word' id='word_1_124' title='bbox 1079 2568 1174 2633; x_wconf 77' lang='lat' dir='ltr'><strong>esse?</strong></span> 
     </span>
     <span class='ocr_line' id='line_1_19' title="bbox 147 2667 1173 2754; baseline 0 -23"><span class='ocrx_word' id='word_1_125' title='bbox 147 2672 219 2735; x_wconf 85' lang='lat' dir='ltr'><strong>Tua</strong></span> <span class='ocrx_word' id='word_1_126' title='bbox 248 2668 373 2733; x_wconf 82' lang='lat' dir='ltr'><strong>invenit</strong></span> <span class='ocrx_word' id='word_1_127' title='bbox 408 2669 593 2745; x_wconf 85' lang='lat' dir='ltr'><strong>crudelitas,</strong></span> <span class='ocrx_word' id='word_1_128' title='bbox 632 2667 722 2752; x_wconf 87' lang='lat' dir='ltr'><strong>quod</strong></span> <span class='ocrx_word' id='word_1_129' title='bbox 757 2671 839 2731; x_wconf 86' lang='lat' dir='ltr'><strong>ultra</strong></span> <span class='ocrx_word' id='word_1_130' title='bbox 868 2681 1004 2733; x_wconf 87' lang='lat' dir='ltr'><strong>mortem</strong></span> <span class='ocrx_word' id='word_1_131' title='bbox 1040 2690 1173 2754; x_wconf 85' lang='lat' dir='ltr'><strong>quoqne</strong></span> 
     </span>
     <span class='ocr_line' id='line_1_20' title="bbox 144 2768 1173 2855; baseline 0 -22"><span class='ocrx_word' id='word_1_132' title='bbox 144 2772 408 2854; x_wconf 77' lang='lat' dir='ltr'><strong>progrederetur.</strong></span> <span class='ocrx_word' id='word_1_133' title='bbox 454 2770 523 2835; x_wconf 83' lang='lat' dir='ltr'><strong>Nec</strong></span> <span class='ocrx_word' id='word_1_134' title='bbox 541 2771 584 2832; x_wconf 84' lang='lat' dir='ltr'><strong>ita</strong></span> <span class='ocrx_word' id='word_1_135' title='bbox 605 2768 686 2847; x_wconf 87' lang='lat' dir='ltr'><strong>jam,</strong></span> <span class='ocrx_word' id='word_1_136' title='bbox 719 2781 756 2833; x_wconf 91' lang='grc' dir='ltr'><strong>ιιι</strong></span> <span class='ocrx_word' id='word_1_137' title='bbox 782 2772 844 2834; x_wconf 91' lang='lat' dir='ltr'><strong>hoc</strong></span> <span class='ocrx_word' id='word_1_138' title='bbox 867 2792 984 2855; x_wconf 87' lang='lat' dir='ltr'><strong>corpus</strong></span> <span class='ocrx_word' id='word_1_139' title='bbox 1006 2770 1102 2845; x_wconf 80' lang='lat' dir='ltr'><strong>seris,</strong></span> <span class='ocrx_word' id='word_1_140' title='bbox 1137 2792 1173 2833; x_wconf 82' lang='lat' dir='ltr'><strong>ac</strong></span> 
     </span>
     <span class='ocr_line' id='line_1_21' title="bbox 143 2868 1174 2953; baseline 0 -18"><span class='ocrx_word' id='word_1_141' title='bbox 143 2872 254 2935; x_wconf 86' lang='lat' dir='ltr'><strong>bestiis</strong></span> <span class='ocrx_word' id='word_1_142' title='bbox 283 2869 500 2937; x_wconf 87' lang='lat' dir='ltr'><strong>dilaniandum</strong></span> <span class='ocrx_word' id='word_1_143' title='bbox 531 2868 706 2953; x_wconf 82' lang='lat' dir='ltr'><strong>objiceres,</strong></span> <span class='ocrx_word' id='word_1_144' title='bbox 744 2868 802 2935; x_wconf 89' lang='lat' dir='ltr'><strong>sed</strong></span> <span class='ocrx_word' id='word_1_145' title='bbox 829 2868 929 2953; x_wconf 80' lang='lat' dir='ltr'><strong>juvit,</strong></span> <span class='ocrx_word' id='word_1_146' title='bbox 970 2873 1032 2935; x_wconf 85' lang='lat' dir='ltr'><strong>tuis</strong></span> <span class='ocrx_word' id='word_1_147' title='bbox 1069 2872 1174 2953; x_wconf 85' lang='lat' dir='ltr'><strong>ipsum</strong></span> 
     </span>
     <span class='ocr_line' id='line_1_22' title="bbox 141 2971 1173 3036; baseline 0 -1"><span class='ocrx_word' id='word_1_148' title='bbox 141 2972 290 3035; x_wconf 85' lang='lat' dir='ltr'><strong>manibus</strong></span> <span class='ocrx_word' id='word_1_149' title='bbox 318 2981 463 3033; x_wconf 82' lang='lat' dir='ltr'><strong>tractare.</strong></span> <span class='ocrx_word' id='word_1_150' title='bbox 516 2972 590 3034; x_wconf 90' lang='lat' dir='ltr'><strong>Hoc</strong></span> <span class='ocrx_word' id='word_1_151' title='bbox 620 2972 822 3035; x_wconf 81' lang='lat' dir='ltr'><strong>corollarium</strong></span> <span class='ocrx_word' id='word_1_152' title='bbox 845 2971 916 3035; x_wconf 87' lang='lat' dir='ltr'><strong>luit.</strong></span> <span class='ocrx_word' id='word_1_153' title='bbox 966 2974 1040 3036; x_wconf 90' lang='lat' dir='ltr'><strong>Hoc</strong></span> <span class='ocrx_word' id='word_1_154' title='bbox 1060 2972 1173 3036; x_wconf 88' lang='lat' dir='ltr'><strong>sceleri</strong></span> 
     </span>
     <span class='ocr_line' id='line_1_23' title="bbox 143 3070 1172 3156; baseline 0.001 -20"><span class='ocrx_word' id='word_1_155' title='bbox 143 3084 204 3136; x_wconf 91' lang='lat' dir='ltr'><strong>tuo</strong></span> <span class='ocrx_word' id='word_1_156' title='bbox 219 3071 393 3135; x_wconf 75' lang='lat' dir='ltr'><strong>auctarium</strong></span> <span class='ocrx_word' id='word_1_157' title='bbox 408 3072 563 3156; x_wconf 87' lang='lat' dir='ltr'><strong>reperisti.</strong></span> <span class='ocrx_word' id='word_1_158' title='bbox 603 3071 760 3137; x_wconf 86' lang='lat' dir='ltr'><strong>Conscius</strong></span> <span class='ocrx_word' id='word_1_159' title='bbox 776 3070 833 3134; x_wconf 84' lang='lat' dir='ltr'><strong>tibi</strong></span> <span class='ocrx_word' id='word_1_160' title='bbox 846 3073 950 3149; x_wconf 82' lang='lat' dir='ltr'><strong>forte,</strong></span> <span class='ocrx_word' id='word_1_161' title='bbox 970 3078 1086 3137; x_wconf 87' lang='lat' dir='ltr'><strong>nullam</strong></span> <span class='ocrx_word' id='word_1_162' title='bbox 1099 3072 1172 3137; x_wconf 88' lang='lat' dir='ltr'><strong>lore</strong></span> 
     </span>
     <span class='ocr_line' id='line_1_24' title="bbox 144 3172 1172 3257; baseline 0.001 -22"><span class='ocrx_word' id='word_1_163' title='bbox 144 3185 212 3235; x_wconf 83' lang='lat' dir='ltr'><strong>tam</strong></span> <span class='ocrx_word' id='word_1_164' title='bbox 241 3172 393 3238; x_wconf 86' lang='lat' dir='ltr'><strong>immitem</strong></span> <span class='ocrx_word' id='word_1_165' title='bbox 418 3175 535 3250; x_wconf 85' lang='lat' dir='ltr'><strong>feram,</strong></span> <span class='ocrx_word' id='word_1_166' title='bbox 580 3194 650 3257; x_wconf 79' lang='lat' dir='ltr'><strong>quur</strong></span> <span class='ocrx_word' id='word_1_167' title='bbox 685 3175 719 3237; x_wconf 90' lang='lat' dir='ltr'><strong>in</strong></span> <span class='ocrx_word' id='word_1_168' title='bbox 748 3173 930 3255; x_wconf 83' lang='lat' dir='ltr'><strong>hujusmodi</strong></span> <span class='ocrx_word' id='word_1_169' title='bbox 961 3174 1172 3236; x_wconf 85' lang='lat' dir='ltr'><strong>innocentiam</strong></span> 
     </span>
     <span class='ocr_line' id='line_1_25' title="bbox 145 3272 1171 3358; baseline -0.003 -22"><span class='ocrx_word' id='word_1_170' title='bbox 145 3272 261 3337; x_wconf 77' lang='lat' dir='ltr'><strong>saevire</strong></span> <span class='ocrx_word' id='word_1_171' title='bbox 283 3287 398 3357; x_wconf 81' lang='lat' dir='ltr'><strong>posset.</strong></span> <span class='ocrx_word' id='word_1_172' title='bbox 446 3277 489 3337; x_wconf 87' lang='grc' dir='ltr'><strong>Ει</strong></span> <span class='ocrx_word' id='word_1_173' title='bbox 517 3275 606 3358; x_wconf 90' lang='lat' dir='ltr'><strong>quod</strong></span> <span class='ocrx_word' id='word_1_174' title='bbox 629 3278 731 3339; x_wconf 90' lang='lat' dir='ltr'><strong>nullos</strong></span> <span class='ocrx_word' id='word_1_175' title='bbox 753 3274 902 3337; x_wconf 84' lang='lat' dir='ltr'><strong>immanes</strong></span> <span class='ocrx_word' id='word_1_176' title='bbox 924 3276 1033 3354; x_wconf 90' lang='lat' dir='ltr'><strong>lupos,</strong></span> <span class='ocrx_word' id='word_1_177' title='bbox 1071 3276 1171 3334; x_wconf 81' lang='lat' dir='ltr'><strong>nullas</strong></span> 
     </span>
     <span class='ocr_line' id='line_1_26' title="bbox 144 3372 1169 3457; baseline -0.006 -18"><span class='ocrx_word' id='word_1_178' title='bbox 144 3375 233 3439; x_wconf 83' lang='lat' dir='ltr'><strong>diras</strong></span> <span class='ocrx_word' id='word_1_179' title='bbox 250 3376 374 3457; x_wconf 82' lang='lat' dir='ltr'><strong>lynces,</strong></span> <span class='ocrx_word' id='word_1_180' title='bbox 396 3378 500 3440; x_wconf 87' lang='lat' dir='ltr'><strong>nullos</strong></span> <span class='ocrx_word' id='word_1_181' title='bbox 518 3379 713 3439; x_wconf 87' lang='lat' dir='ltr'><strong>truculentos</strong></span> <span class='ocrx_word' id='word_1_182' title='bbox 728 3397 820 3440; x_wconf 88' lang='lat' dir='ltr'><strong>ursos</strong></span> <span class='ocrx_word' id='word_1_183' title='bbox 837 3376 978 3438; x_wconf 72' lang='lat' dir='ltr'><strong>lecturos</strong></span> <span class='ocrx_word' id='word_1_184' title='bbox 989 3372 1169 3453; x_wconf 79' lang='lat' dir='ltr'><strong>credidisti,</strong></span> 
     </span>
     <span class='ocr_line' id='line_1_27' title="bbox 144 3474 1169 3560; baseline -0.004 -21"><span class='ocrx_word' id='word_1_185' title='bbox 144 3478 208 3541; x_wconf 88' lang='lat' dir='ltr'><strong>tuis</strong></span> <span class='ocrx_word' id='word_1_186' title='bbox 227 3477 306 3541; x_wconf 90' lang='lat' dir='ltr'><strong>illud</strong></span> <span class='ocrx_word' id='word_1_187' title='bbox 321 3477 466 3541; x_wconf 83' lang='lat' dir='ltr'><strong>manibus</strong></span> <span class='ocrx_word' id='word_1_188' title='bbox 479 3475 597 3560; x_wconf 84' lang='lat' dir='ltr'><strong>exequi</strong></span> <span class='ocrx_word' id='word_1_189' title='bbox 609 3478 758 3553; x_wconf 82' lang='lat' dir='ltr'><strong>volebas,</strong></span> <span class='ocrx_word' id='word_1_190' title='bbox 778 3498 843 3539; x_wconf 90' lang='lat' dir='ltr'><strong>non</strong></span> <span class='ocrx_word' id='word_1_191' title='bbox 854 3496 920 3559; x_wconf 89' lang='lat' dir='ltr'><strong>quo</strong></span> <span class='ocrx_word' id='word_1_192' title='bbox 938 3489 1025 3539; x_wconf 87' lang='lat' dir='ltr'><strong>tuam</strong></span> <span class='ocrx_word' id='word_1_193' title='bbox 1040 3474 1169 3538; x_wconf 89' lang='lat' dir='ltr'><strong>immen-</strong></span> 
     </span>
     <span class='ocr_line' id='line_1_28' title="bbox 145 3574 1171 3661; baseline -0.007 -19"><span class='ocrx_word' id='word_1_194' title='bbox 145 3600 214 3642; x_wconf 85' lang='lat' dir='ltr'><strong>sam</strong></span> <span class='ocrx_word' id='word_1_195' title='bbox 232 3578 391 3643; x_wconf 81' lang='lat' dir='ltr'><strong>diritatem</strong></span> <span class='ocrx_word' id='word_1_196' title='bbox 406 3577 514 3661; x_wconf 87' lang='lat' dir='ltr'><strong>aliquo</strong></span> <span class='ocrx_word' id='word_1_197' title='bbox 531 3598 620 3640; x_wconf 90' lang='lat' dir='ltr'><strong>novo</strong></span> <span class='ocrx_word' id='word_1_198' title='bbox 639 3574 771 3639; x_wconf 84' lang='lat' dir='ltr'><strong>invento</strong></span> <span class='ocrx_word' id='word_1_199' title='bbox 787 3577 900 3639; x_wconf 81' lang='lat' dir='ltr'><strong>satiare</strong></span> <span class='ocrx_word' id='word_1_200' title='bbox 912 3597 1040 3658; x_wconf 87' lang='lat' dir='ltr'><strong>posses,</strong></span> <span class='ocrx_word' id='word_1_201' title='bbox 1061 3576 1171 3639; x_wconf 82' lang='lat' dir='ltr'><strong>redut</strong></span> 
     </span>
     <span class='ocr_line' id='line_1_29' title="bbox 146 3674 1171 3759; baseline -0.003 -20"><span class='ocrx_word' id='word_1_202' title='bbox 146 3677 317 3759; x_wconf 81' lang='lat' dir='ltr'><strong>gerruinam</strong></span> <span class='ocrx_word' id='word_1_203' title='bbox 333 3682 415 3743; x_wconf 84' lang='lat' dir='ltr'><strong>hanc</strong></span> <span class='ocrx_word' id='word_1_204' title='bbox 431 3690 516 3741; x_wconf 85' lang='lat' dir='ltr'><strong>tuam</strong></span> <span class='ocrx_word' id='word_1_205' title='bbox 527 3676 693 3741; x_wconf 87' lang='lat' dir='ltr'><strong>hauriendi</strong></span> <span class='ocrx_word' id='word_1_206' title='bbox 707 3674 868 3758; x_wconf 81' lang='lat' dir='ltr'><strong>sanguinis</strong></span> <span class='ocrx_word' id='word_1_207' title='bbox 885 3676 1064 3741; x_wconf 73' lang='lat' dir='ltr'><strong>aviditatem</strong></span> <span class='ocrx_word' id='word_1_208' title='bbox 1079 3675 1171 3759; x_wconf 89' lang='lat' dir='ltr'><strong>quasi</strong></span> 
     </span>
     <span class='ocr_line' id='line_1_30' title="bbox 146 3775 1170 3861; baseline -0.006 -18"><span class='ocrx_word' id='word_1_209' title='bbox 146 3779 188 3843; x_wconf 83' lang='lat' dir='ltr'><strong>sd</strong></span> <span class='ocrx_word' id='word_1_210' title='bbox 205 3790 327 3861; x_wconf 86' lang='lat' dir='ltr'><strong>tempus</strong></span> <span class='ocrx_word' id='word_1_211' title='bbox 351 3779 512 3843; x_wconf 87' lang='lat' dir='ltr'><strong>delinires.</strong></span> <span class='ocrx_word' id='word_1_212' title='bbox 550 3779 595 3840; x_wconf 87' lang='lat' dir='ltr'><strong>Et</strong></span> <span class='ocrx_word' id='word_1_213' title='bbox 610 3778 674 3839; x_wconf 82' lang='lat' dir='ltr'><strong>haec</strong></span> <span class='ocrx_word' id='word_1_214' title='bbox 689 3775 794 3839; x_wconf 79' lang='lat' dir='ltr'><strong>fecisti</strong></span> <span class='ocrx_word' id='word_1_215' title='bbox 813 3776 936 3851; x_wconf 85' lang='lat' dir='ltr'><strong>omnia,</strong></span> <span class='ocrx_word' id='word_1_216' title='bbox 962 3786 1049 3840; x_wconf 83' lang='lat' dir='ltr'><strong>tuam</strong></span> <span class='ocrx_word' id='word_1_217' title='bbox 1065 3789 1170 3839; x_wconf 86' lang='lat' dir='ltr'><strong>tamen</strong></span> 
     </span>
     <span class='ocr_line' id='line_1_31' title="bbox 144 3872 1168 3961; baseline -0.005 -16"><span class='ocrx_word' id='word_1_218' title='bbox 144 3880 231 3945; x_wconf 86' lang='lat' dir='ltr'><strong>sitim</strong></span> <span class='ocrx_word' id='word_1_219' title='bbox 245 3902 313 3943; x_wconf 87' lang='lat' dir='ltr'><strong>non</strong></span> <span class='ocrx_word' id='word_1_220' title='bbox 334 3878 518 3945; x_wconf 83' lang='lat' dir='ltr'><strong>restinxisti.</strong></span> <span class='ocrx_word' id='word_1_221' title='bbox 559 3878 696 3961; x_wconf 81' lang='lat' dir='ltr'><strong>Aliquos</strong></span> <span class='ocrx_word' id='word_1_222' title='bbox 719 3874 786 3938; x_wconf 84' lang='lat' dir='ltr'><strong>vidi</strong></span> <span class='ocrx_word' id='word_1_223' title='bbox 812 3872 974 3937; x_wconf 80' lang='lat' dir='ltr'><strong>carnifices</strong></span> <span class='ocrx_word' id='word_1_224' title='bbox 998 3882 1168 3951; x_wconf 84' lang='lat' dir='ltr'><strong>exoratos,</strong></span> 
     </span>
     <span class='ocr_line' id='line_1_32' title="bbox 144 3972 1167 4065; baseline -0.012 -20"><span class='ocrx_word' id='word_1_225' title='bbox 144 3982 188 4045; x_wconf 84' lang='lat' dir='ltr'><strong>ab</strong></span> <span class='ocrx_word' id='word_1_226' title='bbox 209 3980 261 4045; x_wconf 83' lang='lat' dir='ltr'><strong>liis</strong></span> <span class='ocrx_word' id='word_1_227' title='bbox 280 3982 336 4065; x_wconf 85' lang='lat' dir='ltr'><strong>qui</strong></span> <span class='ocrx_word' id='word_1_228' title='bbox 360 3979 516 4061; x_wconf 87' lang='lat' dir='ltr'><strong>supplicio</strong></span> <span class='ocrx_word' id='word_1_229' title='bbox 540 3978 619 4041; x_wconf 82' lang='lat' dir='ltr'><strong>allici</strong></span> <span class='ocrx_word' id='word_1_230' title='bbox 636 3978 811 4052; x_wconf 74' lang='lat' dir='ltr'><strong>dehebant,</strong></span> <span class='ocrx_word' id='word_1_231' title='bbox 842 3994 884 4036; x_wconf 88' lang='lat' dir='ltr'><strong>nc</strong></span> <span class='ocrx_word' id='word_1_232' title='bbox 902 3972 958 4035; x_wconf 90' lang='lat' dir='ltr'><strong>diu</strong></span> <span class='ocrx_word' id='word_1_233' title='bbox 974 3975 1167 4046; x_wconf 84' lang='lat' dir='ltr'><strong>cruciarent,</strong></span> 
     </span>
     <span class='ocr_line' id='line_1_33' title="bbox 144 4072 1169 4165; baseline -0.015 -18"><span class='ocrx_word' id='word_1_234' title='bbox 144 4104 188 4147; x_wconf 84' lang='lat' dir='ltr'><strong>us</strong></span> <span class='ocrx_word' id='word_1_235' title='bbox 204 4081 349 4165; x_wconf 87' lang='lat' dir='ltr'><strong>repetitis</strong></span> <span class='ocrx_word' id='word_1_236' title='bbox 358 4081 472 4145; x_wconf 87' lang='lat' dir='ltr'><strong>ictibus</strong></span> <span class='ocrx_word' id='word_1_237' title='bbox 483 4076 705 4157; x_wconf 79' lang='lat' dir='ltr'><strong>verberarent,</strong></span> <span class='ocrx_word' id='word_1_238' title='bbox 728 4089 763 4141; x_wconf 89' lang='grc' dir='ltr'><strong>ιιι</strong></span> <span class='ocrx_word' id='word_1_239' title='bbox 780 4074 923 4140; x_wconf 87' lang='lat' dir='ltr'><strong>celeriter</strong></span> <span class='ocrx_word' id='word_1_240' title='bbox 933 4084 1068 4135; x_wconf 87' lang='lat' dir='ltr'><strong>mortem</strong></span> <span class='ocrx_word' id='word_1_241' title='bbox 1077 4072 1169 4133; x_wconf 85' lang='lat' dir='ltr'><strong>aller·</strong></span> 
     </span>
     <span class='ocr_line' id='line_1_34' title="bbox 145 4176 1167 4266; baseline -0.017 -17"><span class='ocrx_word' id='word_1_242' title='bbox 145 4194 237 4261; x_wconf 83' lang='lat' dir='ltr'><strong>rent,</strong></span> <span class='ocrx_word' id='word_1_243' title='bbox 251 4204 321 4247; x_wconf 90' lang='lat' dir='ltr'><strong>uno</strong></span> <span class='ocrx_word' id='word_1_244' title='bbox 335 4185 429 4266; x_wconf 89' lang='lat' dir='ltr'><strong>pulsu</strong></span> <span class='ocrx_word' id='word_1_245' title='bbox 441 4181 598 4245; x_wconf 85' lang='lat' dir='ltr'><strong>cervicem</strong></span> <span class='ocrx_word' id='word_1_246' title='bbox 609 4191 751 4244; x_wconf 85' lang='lat' dir='ltr'><strong>secarent</strong></span> <span class='ocrx_word' id='word_1_247' title='bbox 762 4180 810 4255; x_wconf 60' lang='grc' dir='ltr'><strong>Ιἰ),</strong></span> <span class='ocrx_word' id='word_1_248' title='bbox 829 4176 892 4241; x_wconf 91' lang='lat' dir='ltr'><strong>cito</strong></span> <span class='ocrx_word' id='word_1_249' title='bbox 903 4177 1050 4259; x_wconf 84' lang='lat' dir='ltr'><strong>laqueum</strong></span> <span class='ocrx_word' id='word_1_250' title='bbox 1062 4182 1167 4233; x_wconf 87' lang='lat' dir='ltr'><strong>necte-</strong></span> 
     </span>
     <span class='ocr_line' id='line_1_35' title="bbox 145 4275 1169 4369; baseline -0.015 -20"><span class='ocrx_word' id='word_1_251' title='bbox 145 4296 235 4363; x_wconf 82' lang='lat' dir='ltr'><strong>rent,</strong></span> <span class='ocrx_word' id='word_1_252' title='bbox 284 4304 350 4369; x_wconf 82' lang='lat' dir='ltr'><strong>quo</strong></span> <span class='ocrx_word' id='word_1_253' title='bbox 379 4282 568 4347; x_wconf 78' lang='lat' dir='ltr'><strong>brevissimo</strong></span> <span class='ocrx_word' id='word_1_254' title='bbox 596 4279 718 4369; x_wconf 84' lang='lat' dir='ltr'><strong>doloris</strong></span> <span class='ocrx_word' id='word_1_255' title='bbox 747 4298 844 4343; x_wconf 86' lang='lat' dir='ltr'><strong>sensu</strong></span> <span class='ocrx_word' id='word_1_256' title='bbox 878 4277 944 4340; x_wconf 81' lang='lat' dir='ltr'><strong>vita</strong></span> <span class='ocrx_word' id='word_1_257' title='bbox 979 4275 1169 4339; x_wconf 84' lang='lat' dir='ltr'><strong>auferretur.</strong></span> 
     </span>
    </p>
   </div>
   <div class='ocr_carea' id='block_1_4' title="bbox 179 4516 524 4584">
    <p class='ocr_par' dir='ltr' id='par_1_4' title="bbox 179 4516 524 4584">
     <span class='ocr_line' id='line_1_36' title="bbox 179 4516 524 4584; baseline -0.009 -11"><span class='ocrx_word' id='word_1_258' title='bbox 179 4516 211 4579; x_wconf 74' lang='lat'><strong>⁸)</strong></span> <span class='ocrx_word' id='word_1_259' title='bbox 227 4533 362 4584; x_wconf 78' lang='lat' dir='ltr'><strong>secarent,</strong></span> <span class='ocrx_word' id='word_1_260' title='bbox 381 4528 524 4581; x_wconf 77' lang='lat' dir='ltr'><strong>resecarent,</strong></span> 
     </span>
    </p>
   </div>
   <div class='ocr_carea' id='block_1_5' title="bbox 0 0 1316 5108">
    <p class='ocr_par' dir='ltr' id='par_1_5' title="bbox 0 0 1316 5108">
     <span class='ocr_line' id='line_1_37' title="bbox 0 0 1316 5108; baseline 0 0"><span class='ocrx_word' id='word_1_261' title='bbox 0 0 1316 5108; x_wconf 95' lang='lat' dir='ltr'><strong> </strong></span> 
     </span>
    </p>
   </div>
  </div>
 </body>
</html>
