2624 5108
512 864 640 943 Oratio
664 862 797 938 Prima.
1115 872 1160 942 83

142 1064 290 1149 ponenda
311 1062 351 1125 sit
366 1060 462 1143 hujus
479 1056 639 1123 ferocitas.
678 1062 756 1138 Quae
779 1074 899 1123 summa
915 1060 976 1126 tuit
992 1064 1074 1127 illins
1084 1065 1161 1127 'illa-

141 1166 274 1231 cedouis
300 1162 446 1238 islanis,
492 1162 581 1245 quod
608 1162 643 1223 in
672 1160 828 1226 conviviis
853 1163 950 1239 vino,
988 1177 1021 1228 et
1048 1165 1163 1253 jurgiis

143 1270 277 1351 agitatus
307 1264 425 1328 amieos
458 1261 665 1336 interficeret,
706 1282 744 1324 ea
773 1282 847 1327 cum
879 1264 974 1347 hujus
1006 1270 1164 1333 maleficio

147 1370 257 1430 collata
279 1366 316 1429 lit
341 1364 479 1427 minima.
530 1364 611 1427 Nam
632 1360 683 1425 ille
705 1362 898 1449 interemptis
927 1368 1088 1449 poenituit‚
1114 1370 1166 1432 hie

149 1468 243 1531 ieron
258 1477 325 1543 est,
350 1465 403 1527 ille
420 1484 516 1526 cesos
532 1465 631 1540 luerit,
659 1484 696 1526 ac
716 1464 909 1547 deploravit,
935 1470 987 1532 ltic
1006 1470 1167 1535 interfecti

150 1588 267 1651 corpus
293 1564 479 1629 tractatione
499 1584 536 1627 ac
560 1564 733 1645 suspendio
758 1577 864 1629 uexat.
915 1560 971 1632 ille
1004 1571 1170 1635 decoravit

149 1670 282 1745 l'unere,
302 1666 355 1731 ltic
363 1664 545 1749 parentibus
559 1672 591 1729 et
606 1666 713 1729 amicis
728 1670 922 1749 sepulturam
937 1690 1004 1733 non
1016 1670 1171 1755 indulget.

147 1770 190 1837 At
224 1770 275 1833 illa
307 1768 537 1853 qualiscunque
565 1764 646 1829 illius
681 1776 758 1829 nota
793 1788 901 1831 rerum
937 1770 1172 1852 praeclarissime
1231 1779 1235 1789 '

148 1882 307 1955 gestantm
327 1864 532 1952 splendorem
556 1859 755 1943 obscuravit,
788 1870 851 1930 tam
869 1864 1016 1949 solidam,
1044 1878 1174 1957 tamque

151 1972 332 2033 diuturnam
346 1974 394 2033 tot
411 1966 635 2043 victoriarum,
666 1972 715 2030 tot
734 1960 967 2051 triumphorum
984 1974 1118 2057 gloriam
1137 1994 1177 2037 ea

151 2071 256 2134 affecit
269 2070 409 2147 macula,
428 2090 500 2151 quas
515 2062 654 2133 duorum
669 2066 798 2132 millium
815 2090 970 2137 annorum
989 2074 1091 2157 spatio
1110 2068 1179 2137 non

152 2184 199 2237 est
221 2169 349 2235 abolita.
396 2166 504 2250 Hujus
526 2178 629 2231 autem
654 2161 732 2251 qnid
755 2166 889 2235 habetur
915 2166 950 2237 in
972 2172 1090 2251 oculis,
1126 2174 1179 2237 vel

158 2272 285 2335 auribus
308 2270 490 2346 bominum,
532 2266 622 2351 quod
646 2264 730 2332 istud
751 2267 802 2333 sui
830 2266 929 2337 olium
955 2268 1074 2337 leniat?
1113 2272 1181 2336 Aut

161 2372 239 2455 quid
250 2370 344 2435 semel
358 2370 438 2433 beni
452 2362 546 2442 lecit,
565 2356 654 2451 quod
669 2376 784 2431 tantam
802 2364 845 2432 illi
858 2370 1013 2457 scelerum
1026 2368 1181 2437 sentinam

163 2470 270 2534 eluat?
295 2470 386 2533 Nulla
399 2464 434 2531 in
448 2458 576 2531 homine
590 2459 709 2543 virtus,
729 2489 770 2533 ne
783 2470 894 2532 umbra
904 2466 1033 2553 quidem
1044 2468 1181 2540 virtutis.

161 2570 244 2635 Nihil
262 2566 328 2653 egit
342 2574 489 2643 strenue,
509 2571 606 2630 multa
623 2568 789 2651 ignaviter.
829 2570 924 2633 Nulla
939 2568 1125 2651 liberalitas,
1152 2586 1184 2639 at

162 2684 273 2735 eontra
294 2665 433 2751 rapinis,
461 2674 494 2730 et
512 2666 750 2732 extorsionibus
770 2666 901 2753 egregie
930 2691 1059 2753 operam
1085 2674 1183 2741 dedit.

163 2772 239 2835 Non
251 2770 284 2845 ἑ“)
303 2772 470 2834 contentus
487 2764 587 2831 aliena
607 2760 774 2845 invadere,
800 2786 878 2833 suos
892 2788 1025 2857 qnoque
1042 2774 1184 2859 diripuit.

165 2874 260 2935 Nova
278 2856 443 2953 vectigalia
472 2860 635 2949 imposuit.
694 2864 806 2931 Nouos
832 2870 883 2949 ὣς’)
916 2870 1038 2941 reditus
1065 2878 1186 2963 exegit.

164 2970 315 3037 Portoria
333 2965 566 3051 multiplicavit3
593 2970 805 3051 temperantiae
821 2971 966 3039 inimicus
986 2972 1064 3055 luit3
1082 2972 1188 3045 libidi-

169 3072 262 3136 nibus
277 3064 401 3153 paruit3
427 3062 630 3149 cupiditatem
655 3062 726 3129 vita
746 3071 860 3134 ducem
883 3080 1016 3142 sectatus
1035 3084 1100 3154 θεὶς
1127 3096 1189 3161 age

170 3184 273 3237 antem
299 3188 370 3255 que
401 3162 559 3233 fortitudo
593 3162 678 3231 tsitt
724 3165 858 3235 Vidistis
894 3172 1007 3239 alllicta
1043 3176 1189 3255 fortuna,

170 3270 313 3355 abjectus
326 3274 410 3348 erat,
430 3268 586 3347 secunda,
599 3262 827 3345 insolescebat3
847 3288 1004 3357 nusquam
1019 3270 1190 3359 aequabilis,

168 3372 396 3439 immoderatus
409 3364 551 3453 ubique,
580 3382 705 3451 semper
723 3372 922 3451 effraenatus,
950 3394 987 3437 ae
1004 3370 1055 3438 sui
1077 3362 1196 3460 impos}

167 3476 285 3559 Neque
301 3488 393 3536 suam
408 3464 652 3535 imbecillitatem
667 3464 881 3535 consideravit
901 3492 1057 3559 tanquan,
1084 3492 1193 3561 neque

173 3574 307 3638 lorltmoe
332 3568 521 3635 varietatem
542 3560 712 3653 spectavit,
745 3586 949 3654 nequeuntis
975 3582 1023 3640 est
1048 3576 1194 3643 consilio.

176 3670 322 3759 Neglexit
340 3668 503 3749 inimicos,
530 3664 697 3735 familiares
727 3674 761 3731 et
785 3664 902 3735 amieos
936 3667 1104 3742 interemit.
1147 3674 1197 3741 lta

174 3774 271 3841 vitam
296 3768 450 3850 instituit,
478 3774 516 3835 ut
541 3762 693 3853 appetitui
719 3766 848 3833 eederet
864 3771 964 3849 ratio,
996 3772 1065 3859 ipse
1089 3794 1197 3863 neque

173 3873 284 3955 dictis,
318 3886 428 3959 neque
456 3866 548 3935 lactis
570 3864 821 3935 mediocritatem
846 3878 988 3935 servaret
1015 3876 1118 3940 ullam.
1164 3876 1199 3939 si

175 3970 260 4061 quid
271 3982 397 4059 ageret,
423 3978 477 4035 aut
492 3966 619 4053 longius
635 3968 805 4053 processit,
833 3974 887 4033 aut
901 3972 1033 4054 propius
1052 3971 1200 4038 substitit.

177 4068 283 4161 Atqui
312 4068 557 4141 imbecillitatem
593 4068 663 4153 ejus
693 4070 855 4164 spectastis
895 4070 929 4135 in
962 4066 1023 4135 boc
1057 4074 1200 4138 facinere

177 4174 357 4240 evidenter.
396 4166 620 4257 Quantoenim
630 4182 735 4250 metu,
757 4190 851 4257 quam
861 4166 976 4253 pusillo
992 4179 1023 4235 et
1036 4170 1201 4237 confracto

179 4277 290 4341 animo
307 4272 441 4339 accinxit
461 4294 497 4338 se
512 4266 692 4337 maleficio?
723 4274 797 4337 Non
814 4268 946 4351 dtrbito,
980 4270 1149 4349 Germani,
1175 4274 1204 4337 si

182 4370 487 4461 perniciosissimum
508 4372 688 4457 quempiam
714 4374 893 4439 Germanici
910 4368 1045 4439 nominis
1059 4372 1203 4453 hostem,

182 4484 378 4499 m

218 4538 248 4589 ⁸)
264 4536 342 4595 Nos,
357 4542 416 4583 aon.
451 4526 494 4593 ³⁸)
511 4532 615 4593 Nasos,
635 4538 721 4585 setes.
