2624 5108
142 874 211 941 210
520 854 768 935 Phalericum.

551 1054 738 1126 Tyrann.

218 1163 280 1227 Scd
297 1182 359 1246 qua
377 1161 411 1226 id
428 1159 599 1225 honestatis
623 1155 752 1239 speciei

379 1264 382 1271 '
561 1280 731 1365 enatus.

217 1396 356 1473 Nempe,
382 1399 417 1453 ut
433 1387 621 1469 interposito
642 1381 852 1469 jurejurando
872 1376 976 1445 omnia
992 1377 1028 1443 in
1041 1375 1153 1443 melito

142 1493 357 1557 restituturum
379 1499 410 1549 te
431 1486 618 1568 pollicearis.

548 1602 732 1682 Tyrann.
832 1618 834 1622 ⁴

216 1708 328 1775 Curate.

551 1815 732 1874 Phalar.

215 1917 313 1997 Quod
334 1916 376 1979 ad
398 1915 485 1979 lusus
506 1925 540 1976 et
561 1912 653 1996 jocos
671 1913 825 1996 pertinet,
859 1911 887 1974 ri
909 1908 1003 1987 cujus
1023 1907 1152 1989 postue

141 2015 256 2077 amabis
271 2034 421 2088 uxorem,
445 2033 505 2075 nec
517 2034 575 2093 per
589 2034 663 2077 eum
676 2012 758 2077 illiue
773 2012 833 2075 tihi
846 2008 939 2090 copia
955 2007 1032 2083 erit,
1050 2005 1153 2086 iprum

141 2113 270 2196 (pridem
302 2113 448 2186 occides,
488 2130 601 2174 verum
634 2115 780 2187 occulte,
814 2108 933 2184 etita,
972 2117 1009 2169 ut
1035 2104 1092 2169 ab·
1119 2114 1151 2164 te

141 2211 281 2275 occisum
300 2213 393 2293 plane
411 2229 479 2274 non
496 2220 631 2273 constet.
826 2212 829 2217 '

175 2371 179 2377 .
551 2317 740 2390 Tyrann-

216 2410 352 2472 Veneno
371 2407 444 2473 vis?
741 2418 745 2427 '

559 2517 731 2573 Phalar.

214 2620 278 2680 Aut
312 2615 404 2680 simili
437 2615 544 2678 modo.
595 2618 674 2678 Nam
703 2615 860 2679 Francum
887 2611 959 2674 ratis
985 2608 1154 2670 commode

142 2737 207 2778 non
234 2717 382 2779 tractasti.
717 2726 720 2731 ·

553 2822 703 2891 Tyron
711 2839 744 2876 n.

216 2909 376 2994 Equidem
393 2908 548 2972 delitiatus
568 2931 652 2986 sum,
680 2921 711 2971 et
728 2907 880 2990 voluptati
896 2910 958 2971 lroc
973 2927 1049 2970 meae
1067 2904 1154 2978 dedi,

141 3030 207 3073 non
225 3008 416 3087 prudenter,
435 3018 470 3070 ut
486 3007 592 3071 video.
631 2991 772 3072 Proinde
784 3010 814 3085 a)
824 3009 1002 3071 contuitum
1019 3016 1051 3065 te
1066 3003 1154 3085 prius

143 3104 295 3189 oportuit.
364 3134 367 3142 ·

555 3215 730 3271 Phalar.

219 3306 283 3370 Sed
299 3294 363 3388 jam
376 3304 451 3366 inde
470 3305 602 3367 consilio
616 3317 723 3381 utere,
744 3327 780 3367 ac
791 3304 841 3380 **)
859 3306 963 3368 omnia
981 3302 1155 3367 cautissime

143 3418 247 3489 patra,
275 3426 339 3468 neu
363 3401 440 3484 quid
466 3422 594 3478 eorum,
623 3426 692 3487 quae
713 3404 846 3478 tradidi,
874 3405 1020 3485 neglige!
1060 3406 1155 3471 Certe

143 3526 251 3569 rerum
281 3499 382 3581 capita
412 3499 528 3577 habea,
564 3525 726 3586 nunquam
756 3503 983 3566 contemnenda
1016 3506 1156 3568 consilia.

145 3602 268 3683 Quibus
294 3597 444 3682 presidiis
469 3599 496 3662 si
520 3621 555 3663 re
577 3604 729 3664 firmasset
752 3604 964 3681 Syracusanus
985 3602 1063 3680 iste,
1092 3624 1158 3666 non

146 3722 187 3762 ex
227 3699 378 3779 Tyranno
419 3698 559 3764 literato'r
599 3701 700 3765 tactus
721 3723 725 3730 ·
743 3711 836 3763 esset.
888 3702 1044 3765 Proterea
1079 3703 1159 3786 qnid

145 3820 305 3873 moneam,
333 3820 399 3859 non
417 3798 529 3876 video,
547 3800 608 3862 nisi
626 3799 714 3884 quod
732 3810 787 3862 tua
802 3800 917 3875 refert,
938 3813 975 3866 ut
991 3800 1158 3865 discordiis

148 3898 345 3960 Germaniam
360 3898 503 3980 impleas,
531 3898 666 3962 caedibus
690 3907 722 3960 et
747 3898 815 3975 aaa)
837 3897 1056 3983 compilatione
1080 3899 1161 3961 Sue-

147 4019 205 4061 vos
231 4011 302 4060 tuos
327 3996 479 4071 divexes,
509 3994 602 4059 bonis
626 3995 772 4062 omnibua
795 3996 972 4073 insidieris,
996 4019 1160 4082 nunquam

147 4101 298 4179 placatus,
319 4116 481 4180 nunquam
499 4093 641 4178 quietio,
664 4093 727 4177 ipsi
745 4093 881 4176 cerui,
909 4096 1024 4164 ubiubi
1047 4109 1159 4181 potes,

148 4199 295 4259 molestus
313 4194 367 4256 sir.

183 4421 214 4490 ⁴)
232 4431 354 4486 Protnclr,
377 4427 504 4503 protum
520 4422 564 4489 ⁴⁴)
581 4446 626 4489 ac,
645 4437 676 4480 et.
713 4423 773 4488 Μ)
789 4440 828 4493 et,
846 4445 883 4483 tt.
