2624 5108
472 796 510 869 ln
536 792 684 869 Torcu-
1006 790 1085 879 ,ut

78 988 236 1053 Misenmt
255 1008 373 1069 nuper,
404 1000 499 1072 q'uam
525 984 645 1051 vidiuis
670 1002 795 1062 omnes,
823 960 1086 1053 'consultationem

76 1090 117 1153 de
138 1090 277 1151 incrunlo
296 1090 356 1151 ltoe
375 1088 473 1163 bello,
492 1088 582 1151 rimul
601 1084 850 1147 exhortationem
868 1086 908 1147 ad
922 1096 952 1145 te
967 1092 1086 1149 llloxr'·

76 1198 208 1253 unitione
242 1188 358 1252 Cesar.
412 1190 482 1269 Qua
516 1188 556 1250 de
589 1208 625 1249 re
654 1186 730 1269 quid
753 1188 901 1263 rentiam,
932 1186 1086 1263 tortasse,

78 1306 256 1371 qrranqnam
276 1288 388 1363 scium,
407 1308 473 1350 non
494 1286 592 1349 ausim
611 1285 728 1349 dicere.
767 1284 879 1349 larido
899 1284 1088 1349 Pontificem

77 1410 139 1448 rure
170 1384 202 1447 in
232 1387 454 1469 rempublicam
482 1386 687 1449 Christianam
719 1382 900 1469 diligentie,
937 1406 973 1449 ao
1009 1398 1087 1451 utor

76 1487 168 1549 valde
198 1487 303 1565 probd
326 1484 622 1579 reverendissimos,
655 1487 743 1569 quod
760 1508 883 1551 mecum
900 1488 999 1548 nolint
1017 1485 1087 1549 diu·

76 1587 139 1649 tius
166 1586 299 1669 grassari
325 1586 462 1663 Truces,
492 1587 580 1671 quod
605 1584 702 1649 reliut
726 1587 913 1649 subventum
934 1586 1086 1667 imperio,

77 1708 260 1751 succursum
278 1685 439 1770 religioni,
463 1687 551 1771 quod
570 1686 661 1751 nobis
681 1683 925 1763 dissidentibus,
946 1688 1087 1771 quando-

78 1786 205 1869 qrridern
244 1788 439 1851 eversionem
476 1786 603 1850 molitur
635 1786 751 1863 hostis,
789 1785 849 1867 ipsi
885 1786 1087 1869 prospicient.

77 1888 156 1949 Nam
183 1886 260 1969 quid
285 1890 325 1949 ad
349 1910 400 1951 me
426 1886 534 1949 attinet
552 1909 712 1971 quaerere,
741 1909 780 1949 au
802 1888 925 1951 illorum
942 1890 1004 1951 ltoc
1022 1888 1088 1953 offi-

78 1986 161 2049 cium
179 1984 298 2049 luerit?
333 1988 382 2049 Ac
401 1996 505 2049 utrum
523 1988 621 2071 magis
642 2006 698 2051 eor
721 1988 862 2050 decuerit
881 2008 987 2064 orare,
1010 1990 1088 2069 pral-

78 2086 160 2152 lere‚
180 2087 371 2167 supplicare,
393 2108 459 2169 quo
479 2087 649 2175 propitium
667 2087 758 2150 nubis
778 2088 899 2161 Deum,
921 2088 976 2169 qui
994 2108 1087 2151 omne

78 2208 96 2247 a
124 2186 188 2249 onis
214 2190 328 2247 malum
346 2197 488 2249 avertere
507 2186 590 2269 potis
617 2197 680 2263 est,
695 2187 896 2273 ¹redderent,
923 2168 1026 2269 'quam
1046 2188 1087 2249 de

79 2284 162 2347 bello
182 2284 347 2349 inferendo
367 2288 417 2347 rel
437 2286 591 2375 cogitare,
611 2288 729 2371 nedum
748 2286 872 2367 publice
891 2288 1085 2361 consultare,

80 2404 116 2445 ac
151 2383 241 2449 nobis
281 2397 379 2449 artem
399 2368 573 2449 'militarem
604 2408 671 2449 raon
707 2386 849 2467 imperite
885 2386 1086 2463 callentibus,

79 2483 211 2547 bellandi
228 2487 345 2551 lomus
364 2484 591 2569 prescribere?
615 2487 663 2549 Ac
679 2486 753 2548 illud
771 2484 810 2546 ad
824 2504 873 2547 mc
889 2485 965 2567 quid
979 2486 1088 2549 attinet

78 2584 200 2659 dicere,
239 2587 361 2671 quibue
378 2585 533 2667 moribus,
561 2582 622 2673 ¹qui
648 2584 789 2653 homines
817 2586 925 2647 nome
955 2584 1088 2649 vivant?

79 2682 160 2747 Cuut
180 2707 228 2747 ute
249 2685 340 2750 larilc
360 2684 534 2749 contineam
555 2684 617 2759 ibi,
643 2706 678 2745 ac
698 2684 851 2765 patienter
868 2684 987 2763 feram,
1018 2709 1087 2770 quc

77 2782 171 2865 lnrjne
190 2792 420 2873 maximiliani
438 2784 593 2867 Principis
612 2807 686 2849 cura
704 2806 773 2849 esre
793 2784 904 2863 debet,
924 2788 964 2853 ad
976 2785 1088 2850 uuumi

78 2880 240 2949 Pontificio
274 2898 385 2949 turtum
420 2887 558 2953 Caesares
594 2884 674 2967 legi,
717 2888 895 2969 horumque
933 2887 1087 2969 capitibus

78 2980 201 3045 illorum
220 3006 238 3043 a
270 2985 403 3071 pedibus
429 2988 537 3053 tiaram
558 2984 745 3069 imperialem
766 2984 896 3069 apponi.
944 2990 985 3049 Et
1003 3002 1088 3073 tnag-

79 3100 198 3160 nopere
229 3083 378 3147 sollicitus
405 3108 470 3149 non
501 3087 577 3161 eim,
620 3086 700 3169 quid,
731 3098 874 3168 oporteat
903 3087 964 3149 noc
991 3091 1087 3153 modo

79 3176 219 3241 (liudoino
245 3194 439 3263 stunpturum
465 3184 686 3267 Imperatorem
711 3183 860 3249 Pontifici
884 3186 1000 3271 largiri.
1051 3190 1088 3255 ln

75 3302 147 3363 (prro
168 3280 264 3342 rerba
282 3279 404 3361 jurare,
423 3306 500 3367 quae
518 3290 604 3371 leges
623 3286 842 3368 praescribente
857 3288 909 3350 illo
928 3288 1098 3380 accipere,¹

78 3380 110 3441 iu
132 3401 225 3463 quam
244 3381 425 3447 servitutem
443 3406 512 3449 rere
538 3389 693 3455 addicere.
731 3390 809 3451 llam
828 3388 869 3451 de
888 3394 1087 3451 Constantini

79 3478 248 3544 donatione
271 3502 335 3543 non
361 3485 509 3549 eudemus
530 3510 569 3551 ue
589 3486 702 3553 mutire
724 3491 860 3573 quidem.
899 3494 1089 3575 Quanquam

79 3578 182 3642 animo
202 3580 259 3643 siut
280 3582 564 3669 impatientissimo,
592 3576 708 3669 injuria
731 3590 881 3665 lortasee,
910 3588 966 3653 sed
985 3600 1088 3672 tamen

77 3679 182 3763 patrie
208 3680 331 3759 studio,
361 3683 416 3747 ubi
440 3685 534 3751 rideo
560 3687 643 3749 mille
668 3688 852 3770 excogitatis
877 3690 978 3752 modis
1008 3692 1087 3753 Ger-

78 3783 210 3845 maniam
237 3782 376 3867 cxpilari.
414 3785 510 3853 Pallia
536 3785 662 3867 majoris
692 3806 785 3869 quam
804 3788 851 3849 las
877 3798 944 3849 erat
961 3772 1087 3851 rendre.

78 3881 287 3945 Ecclesiarum
307 3898 482 3949 nostrarum
494 3885 672 3971 vectigalia,
691 3884 724 3947 id
741 3898 787 3948 est
801 3886 972 3963 sudorem,
992 3899 1089 3969 atque

78 3978 159 4041 adeo
179 3986 362 4065 sangninem
378 4000 541 4069 parentrnn
553 3998 750 4061 nostrorum,
770 3984 809 4047 ad
825 3984 935 4049 urbem
956 3986 1088 4061 Romam

78 4083 238 4163 pensionis
252 4089 380 4151 nominc
399 4087 513 4155 redire.
550 4091 656 4171 Atque
675 4086 739 4149 luae
759 4083 864 4149 omnia
883 4086 944 4149 sub
964 4080 1086 4173 pietatis¹

77 4191 230 4267 pretextu
251 4188 329 4248 lteri.
367 4188 590 4253 Verumtamen
618 4184 733 4249 frivole
760 4184 842 4251 circa
867 4208 918 4250 ree
939 4188 1086 4263 maximat

78 4300 194 4363 nigor,
222 4304 293 4347 cum
318 4284 375 4369 ista
401 4300 518 4351 mutare
545 4308 605 4351 nec
623 4288 764 4367 poesim,
787 4307 845 4349 nec
865 4286 1005 4351 tlcbcam.
1046 4288 1088 4353 Ut

78 4380 134 4465 qui
153 4404 234 4446 arum
252 4386 408 4469 superiori
431 4394 596 4465 Borrama,
614 4387 701 4471 quod
712 4394 919 4453 Froerclscum
937 4396 1095 4475 diarium
