2624 5108
686 124 687 133 r

529 806 737 911 Capniouia.
905 876 964 967 μ’
1076 808 1145 883 stt

124 1008 284 1076 Tungarus
301 1007 365 1079 ipse
382 1008 495 1075 refert,
512 1014 644 1077 tuncque
664 1014 710 1061 est
727 1014 858 1065 armatus
876 1004 913 1061 ab
932 1006 1010 1076 iiio,

125 1103 202 1155 Cum
221 1116 350 1171 pugnam
369 1102 511 1154 adversus
529 1114 670 1168 magnum
689 1098 841 1170 Cepniona
861 1108 989 1172 pararet.

122 1196 199 1250 Dux
217 1196 270 1247 suit
290 1195 442 1248 Arnoldus
461 1202 649 1265 ereptorum,
666 1191 718 1246 bio
735 1191 865 1263 prodidit
882 1193 1022 1263 hostem,

123 1289 197 1345 Non
216 1287 355 1358 equidem
375 1287 495 1353 melior,
519 1302 581 1341 non
602 1294 684 1340 estu
702 1284 844 1355 Tangere
863 1301 957 1356 purus

123 1381 193 1435 Hoc
213 1381 306 1449 magis
326 1381 456 1448 ingenio.
493 1380 551 1434 Sed
568 1395 618 1433 me
635 1378 718 1449 prius
737 1379 839 1433 omnia
855 1378 981 1449 perdant

123 1473 275 1540 Numina,
295 1490 384 1544 quam
403 1473 496 1545 patiar
513 1472 695 1527 nebulonem
713 1471 795 1527 hunc
814 1471 857 1525 ire
875 1487 1009 1543 superno

123 1567 264 1633 vertice,
285 1576 314 1620 et
333 1566 438 1620 evictis
458 1565 619 1621 sublimem
638 1565 776 1619 insistere
793 1564 899 1636 plantis
910 1603 919 1632 ‚

123 1658 162 1714 Et
181 1659 291 1712 coelum
309 1668 449 1729 spectare
469 1657 582 1724 oculis,
601 1657 721 1729 istoque
739 1657 893 1729 triumpho

123 1751 200 1806 Esse
219 1752 335 1805 homini
359 1751 500 1806 similem.
535 1750 614 1806 Fure
634 1767 734 1819 nunc,
757 1750 839 1806 canis
856 1748 1014 1821 improbe,
1031 1760 1122 1807 torvo

122 1846 215 1902 Nunc
234 1846 297 1899 fera
317 1845 404 1899 dente
423 1860 492 1899 scca
502 1882 512 1911 ‚
529 1853 651 1915 sumpto
669 1860 751 1898 nunc
768 1852 893 1915 percute
913 1858 1022 1902 cornu.

123 1937 163 1994 Et
180 1938 330 2007 suevum,
351 1947 379 1990 et
393 1938 521 2007 juvenes
540 1953 596 2009 pro
616 1937 715 1992 suevo
732 1937 790 1991 tela
811 1936 974 2004 ferenteis,

124 2030 191 2086 Huc
208 2031 282 2084 mibi
301 2033 446 2101 (namque
464 2044 567 2084 meum
586 2038 631 2083 est
646 2029 729 2085 hunc
746 2028 911 2085 instaurare
930 2027 1132 2100 triumphum)

125 2124 289 2178 Carnificcs
311 2125 437 2178 clamate
459 2122 554 2190 duos,
574 2138 630 2177 vos
648 2123 790 2179 omnibus
809 2123 918 2189 armis,

123 2218 187 2271 Vos
207 2234 319 2284 eruce,
338 2231 394 2272 vos
413 2215 547 2286 laqueis,
569 2224 598 2268 et
615 2215 720 2270 adacto
740 2215 861 2270 funibus
876 2229 980 2284 unco,

125 2311 208 2366 Hanc
226 2309 317 2376 mihi,
337 2305 492 2360 carnifices
502 2346 512 2373 ,
530 2322 654 2377 operam
673 2308 759 2375 date,
777 2306 880 2377 ponite
897 2306 1047 2377 primum,

126 2404 164 2458 Ut
183 2402 258 2456 facie
277 2402 436 2455 interram
456 2414 565 2467 versa,
584 2400 770 2471 genibusque
788 2398 902 2470 supinis

124 2495 194 2552 Nec
213 2495 322 2548 coelum
342 2492 484 2563 aspiciat,
502 2507 561 2546 nec
578 2508 635 2547 nos
653 2491 837 2546 contaminet
854 2490 919 2547 istit

124 2591 261 2642 Attnctos
279 2587 392 2652 ocutis,
413 2585 614 2655 quoniamque
633 2585 748 2656 impura
766 2583 886 2637 locutus

123 2680 268 2735 Mordeat
286 2697 339 2733 ore
359 2678 475 2745 solum,
494 2684 524 2731 et
542 2668 682 2748 quiddam
701 2674 738 2731 de
757 2674 883 2747 pulvere
901 2676 1029 2733 mandet.

125 2774 201 2848 Quae
220 2790 325 2839 tiatira,
344 2769 519 2837 carnifices,
538 2767 609 2841 quin
626 2783 684 2824 vos
700 2768 774 2822 huic
793 2784 848 2822 ore
864 2776 984 2826 retorto

123 2865 273 2935 Excipitis
293 2865 442 2934 linguam,
461 2878 639 2932 magnorum
656 2860 753 2934 prima
770 2860 921 2916 malorum

126 2958 260 3023 Semina,
279 2975 316 3011 ne
328 2957 434 3015 medio
452 2957 548 3028 possit
564 2970 628 3010 non
646 2953 734 3010 fanda
750 2954 906 3025 triumpho

125 3051 263 3105 Dicere?
283 3053 353 3121 quin
372 3066 478 3105 nasum
498 3058 587 3120 atque
604 3047 707 3103 ambas
726 3046 852 3103 avellitis
870 3048 984 3105 aures?

125 3141 319 3214 Inseritisque
338 3156 451 3196 uncum
470 3139 618 3212 pedibus?
634 3138 811 3212 trahitiaque
829 3140 939 3210 supino

125 3234 265 3307 Poplitc,
285 3242 457 3288 verrentem
475 3224 613 3304 tacier'fl
631 3243 660 3287 et
677 3242 804 3305 pectore
821 3235 957 3289 terram?

124 3328 267 3385 Proderit
287 3339 438 3381 excussos
454 3326 543 3379 etiam
561 3324 736 3397 disperdere
753 3324 887 3393 denuit,

124 3422 174 3478 Ne
193 3428 311 3474 maneat
329 3417 422 3473 labris
439 3433 501 3489 quo
522 3432 693 3490 quenquam
711 3419 798 3475 ludat
819 3417 849 3473 in
868 3419 951 3489 istis,

126 3513 244 3566 interea
261 3526 431 3583 quanquam
450 3510 577 3566 trahitur
586 3552 596 3581 ‚
619 3523 689 3583 post
706 3519 790 3581 terga
807 3510 938 3567 redactis

125 3605 159 3661 ln
180 3606 294 3657 ferrum
312 3601 470 3671 manibus,
489 3603 595 3674 digitos
614 3612 749 3657 truncate
767 3604 921 3673 supremis

124 3697 292 3767 Unguibus.
329 3696 464 3752 immane
483 3704 529 3751 eat
547 3694 636 3764 <dicit
654 3693 728 3747 mibi
746 3692 924 3763 Tangam)
941 3694 1038 3771 istud,

124 3792 259 3849 Immune
279 3798 335 3844 est.
371 3792 485 3845 Atros
503 3794 659 3843 tormento
677 3784 836 3841 immanius
854 3786 938 3842 omui

124 3886 196 3940 Ausi
216 3885 287 3939 estis
306 3883 442 3952 facinus,
459 3883 530 3938 laeto
548 3880 705 3936 committe
722 3876 879 3950 triumpho

124 3976 214 4031 Hunc
234 3978 340 4031 saltem
357 3977 524 4047 integrum,
552 3990 591 4029 ne
611 3982 753 4028 mustum
770 3969 838 4025 hac
856 3970 963 4039 gaudia
980 3976 1153 4023 monstrum

125 4069 256 4124 Turbes.
293 4073 332 4124 At
350 4070 402 4124 hio
419 4084 511 4124 nemo
530 4076 596 4135 est,
614 4066 663 4120 cui
682 4066 721 4121 sit
737 4061 933 4131 miserabile,
955 4060 1100 4134 quicquid

126 4161 291 4231 Contigerit
308 4162 410 4217 vobis.
445 4158 544 4216 Vestri
561 4158 716 4215 miseratio
734 4157 835 4214 nullos

125 4255 183 4308 Hic
200 4263 304 4309 movet
322 4255 465 4321 affectus,
484 4253 582 4308 rident
600 4251 747 4322 puerique
765 4252 906 4323 virique,

123 4345 165 4400 Et
182 4348 286 4403 faciles
306 4347 439 4403 doluisse
458 4360 570 4415 numa,
590 4344 756 4417 tantoque
773 4345 900 4417 puelle,

125 4438 192 4494 Una
209 4455 317 4495 omnes
335 4437 453 4506 rident,
472 4440 640 4511 plausuque
657 4438 776 4495 invente
794 4444 977 4512 sequuntur,

945 4712 969 4761 θ
