2624 5108
538 828 767 926 Deploratio.

146 1025 309 1082 Tristitiam
326 1033 429 1080 testata
445 1040 580 1092 noram,
596 1032 669 1079 tunc
688 1025 785 1079 sidera
802 1025 903 1081 lumen

145 1119 321 1174 Obscurne
339 1135 447 1186 suum,
468 1127 497 1172 et
515 1118 622 1184 solito,
641 1117 877 1174 Immanissime!
897 1119 1009 1180 caedem

144 1215 289 1266 Aversata
307 1222 386 1267 tuam
405 1212 548 1267 desistere
566 1212 686 1266 flumina
705 1228 807 1268 cursu.

145 1306 315 1360 Humanum
335 1306 474 1360 miserata
493 1321 586 1374 genus
602 1315 673 1360 sunt
689 1305 827 1373 numina,
847 1306 942 1361 fraudi

145 1396 216 1453 Non
234 1414 358 1469 parsere
375 1408 443 1453 tuae.
466 1399 530 1453 Vos
548 1415 646 1466 nunc,
664 1409 851 1470 matresque,
869 1399 985 1471 virique

74 1484 76 1489 ’
146 1490 268 1545 Flebitis
288 1492 451 1546 extinctum
458 1511 469 1561 3
488 1500 596 1563 quanta
615 1501 660 1546 est
678 1492 857 1561 Germania,
875 1492 976 1547 tristes

147 1583 254 1638 Induat
271 1585 412 1652 affectus,
429 1601 461 1640 sc
478 1585 605 1640 destinet
622 1585 752 1657 undique
770 1588 886 1656 luctus,

146 1676 254 1730 Omnia
275 1678 458 1732 conturbans
474 1677 524 1748 *),
545 1678 640 1732 nullas
657 1694 719 1731 non
738 1679 785 1732 illc
803 1680 917 1750 puellas

141 1772 248 1827 Morte
267 1780 319 1825 tua
332 1773 453 1842 juvenis
471 1778 592 1826 moveat
609 1772 709 1826 dolor.
745 1772 789 1827 Ite
809 1774 959 1844 frequenti

144 1865 266 1920 Circum
285 1865 351 1920 haee
369 1866 458 1919 busta
475 1865 593 1932 choro,
611 1864 770 1933 lugubrem
788 1864 917 1920 inducite
940 1883 1103 1942 pompam,

144 1956 239 2013 Passo
259 1958 343 2011 crine
363 1975 490 2027 omnes,
509 1967 537 2017 et
555 1958 642 2029 pullis
658 1957 792 2013 vestibus
811 1976 938 2028 omnes,

148 2047 380 2122 virgineumque
401 2061 501 2106 arcete
520 2052 632 2121 decus,
650 2068 708 2105 nec
727 2052 803 2105 ferte
822 2069 954 2108 coronas

145 2145 281 2216 Comptae
301 2144 429 2217 aliquas,
448 2145 494 2199 isti
512 2145 567 2199 uisi
586 2145 656 2217 quid
668 2147 783 2215 jactare
804 2149 967 2218 sepulchro

146 2235 198 2290 Est
212 2239 336 2305 honor,
359 2247 447 2309 atquc
464 2239 566 2294 honor
584 2249 647 2309 est3
665 2240 760 2296 violas
780 2242 929 2295 cumulate
948 2241 1084 2313 Napaeae,

149 2328 187 2382 Et
203 2330 310 2384 molies
329 2332 478 2386 cumulate
496 2347 601 2399 rosas,
620 2341 683 2389 tum
701 2334 760 2388 lilia
778 2334 874 2406 plenis

150 2422 236 2477 Ferte
254 2423 329 2478 Deae
347 2424 485 2492 calathis,
502 2425 568 2479 haec
587 2437 761 2480 ornamento
778 2443 922 2498 supremo

148 2504 332 2570 Mandentu}
348 2517 463 2586 cineri3
481 2533 585 2573 manes
604 2526 652 2572 ant
670 2526 736 2570 ante
756 2519 890 2588 sepultos

146 2607 205 2662 ista
225 2610 398 2680 superstitio
413 2611 517 2679 juvat,
538 2619 587 2664 aut
605 2611 753 2665 censenda
767 2611 874 2679 juvare
889 2617 950 2686 est.

147 2700 280 2770 Plangite
296 2703 499 2759 Francorum
515 2720 683 2775 proceres,
702 2704 841 2758 effundite
860 2703 963 2770 fletus,

149 2791 189 2848 Et
206 2810 282 2866 quoa
299 2797 423 2870 Moqus
441 2796 517 2864 adit,
536 2797 656 2867 populi!
678 2808 706 2852 et
725 2814 801 2869 quos
818 2795 949 2852 Debere
968 2811 1061 2851 rauco

147 2889 243 2943 Amne
262 2889 346 2943 celer
359 2889 446 2959 juxta
464 2898 524 2957 est,
551 2900 579 2943 et
596 2907 673 2961 quos
690 2891 846 2966 Bepnisus
866 2891 986 2944 inundat
991 2909 1003 2957 ;

150 2983 237 3056 Quos
255 2983 339 3055 parvi
358 2993 441 3038 secat
457 2984 536 3038 unda
552 2985 657 3052 Salae,
676 2984 830 3054 sparsique
850 2982 989 3038 bibentes

151 3074 271 3131 Flumen
288 3077 472 3143 Jacchisei;
494 3095 550 3133 vos
570 3079 619 3150 qui
640 3076 760 3155 aulcqtis
779 3084 877 3129 aratro

151 3167 264 3224 Vitiieri
283 3173 363 3242 ripas
381 3171 517 3239 Koechi,
535 3187 612 3242 quos
632 3171 736 3227 Sinna
753 3168 910 3240 pererrat,

150 3261 280 3317 ilutteno
298 3265 399 3335 lapsus
418 3280 563 3331 nemore,
581 3273 668 3335 atque
690 3276 729 3316 ex
748 3259 902 3318 montibus
920 3257 995 3326 iliis,

151 3354 239 3430 Quod
255 3356 369 3411 Juveni
386 3357 524 3433 penitale
542 3358 658 3424 solum,
678 3353 847 3410 contendite
864 3352 948 3406 luctu

145 3447 185 3503 Et
206 3460 347 3504 moestum
368 3449 517 3505 celebrate
536 3449 625 3505 diem.
661 3449 725 3503 Vos
744 3446 864 3501 flumina
880 3443 951 3500 tenti

148 3540 230 3596 Flete
247 3543 304 3598 viri
325 3560 438 3597 casum.
475 3544 524 3598 Tu
546 3542 671 3598 Snevice
688 3543 847 3608 Ncccare,
866 3538 928 3607 regi

151 3632 260 3689 Nuntia
278 3637 327 3689 t'er
344 3635 475 3690 Rheno!
498 3645 530 3691 tu
547 3636 654 3702 Rhene
672 3633 744 3686 irate
762 3632 907 3704 superbas

151 3725 185 3780 in
203 3727 300 3782 scelus
318 3727 381 3782 hoc
398 3728 456 3781 iras
476 3745 605 3795 exerce,
625 3737 653 3781 et
670 3727 808 3781 fluctibus
827 3743 897 3780 arce

149 3821 177 3874 Si
197 3839 287 3892 quarn
308 3830 463 3893 comparat
483 3821 530 3877 ille
550 3823 660 3890 fugam.
698 3819 745 3874 Te
766 3819 872 3873 t‘oedius
892 3818 949 3873 isto

147 3913 226 3969 Vera
245 3916 349 3970 tulisse
368 3914 440 3969 nihil
459 3916 537 3978 fama
555 3924 619 3982 est3
640 3930 711 3983 ergo
731 3910 872 3965 omnibus
892 3908 958 3963 edic

151 4005 316 4062 Tristitiam
335 4008 504 4079 Nymphis,
525 4017 554 4062 et
571 4024 637 4081 quac
654 4006 707 4061 tibi
725 4002 846 4063 numina
866 4000 981 4057 circum

150 4098 331 4156 iierbiferos
351 4102 466 4169 colles,
490 4111 520 4156 et
536 4103 637 4157 mollia
656 4100 788 4171 gramina
804 4100 941 4159 servant,

153 4191 230 4264 Qnae
247 4194 357 4262 saltus,
376 4195 536 4266 fontesque
555 4196 677 4263 colunt,
695 4195 847 4264 vallesque
864 4187 1012 4242 virentes!

150 4283 310 4355 Nusquam
332 4287 437 4360 aliquis
455 4295 520 4344 toto
538 4288 659 4359 Satyrus
678 4303 712 4344 se
730 4289 871 4342 exerceat
892 4293 987 4344 anno,

147 4395 343 4417 b--u—-u

181 4483 213 4535 ‘J
230 4485 389 4531 contutans.
424 4487 556 4535 conturbet.
621 4470 627 4493 ²
