2624 5108
476 816 513 889 in
535 786 686 887 Tuscos.
1013 823 1081 891 tol

66 1032 161 1098 qiam
194 1013 266 1096 quie
297 1009 403 1073 bestie
437 1020 569 1093 quoque
602 1008 729 1072 rationis
762 1001 873 1091 inopes
906 1016 1084 1094 semiunbu·

64 1117 195 1180 ducem.
223 1113 305 1193 agite
324 1110 439 1192 aliquid
457 1107 632 1172 bominibus
651 1111 799 1192 dignum,
829 1112 946 1174 nedum
964 1113 1084 1176 Princi-

64 1213 172 1295 pibus,
202 1221 363 1290 usurpate.
408 1209 470 1270 Vel
488 1210 521 1269 in
540 1208 646 1271 odium
666 1209 865 1286 Turcarum,
893 1211 1006 1293 qulbus
1025 1212 1085 1276 ista

68 1315 220 1377 dissensio
240 1313 310 1375 usui
329 1311 462 1373 maxime
481 1317 546 1383 est,
569 1310 739 1372 convenire
758 1326 817 1370 vos
839 1307 965 1391 juverit.
1003 1312 1085 1373 Pro·

64 1413 151 1480 tecto
178 1415 259 1475 enirn
287 1422 324 1474 ut
352 1410 572 1475 dissidentibus
602 1408 692 1472 vobis
722 1429 836 1489 magno
866 1411 907 1473 illi
934 1410 1085 1474 fruuntur
1117 1419 1120 1426 '

66 1515 256 1588 commodo,
293 1515 335 1575 ita
358 1531 424 1574 non
451 1512 617 1593 ignorant,
656 1510 733 1592 quid
756 1529 792 1574 se
818 1522 1031 1595 consequatur
1059 1511 1086 1575 si

67 1615 196 1699 quando
215 1634 274 1675 vos
294 1614 385 1676 Deus
405 1612 514 1694 aliquis
534 1607 745 1687 conjunxerit.
785 1612 887 1692 Quam
904 1622 974 1694 apte
992 1615 1088 1695 igitur

66 1716 99 1779 in
115 1716 173 1778 bos
190 1715 431 1786 contulerimus,
451 1713 531 1775 benc
548 1711 827 1786 concertationem,
847 1713 904 1774 bo's
923 1715 1086 1777 tumultus.

67 1817 175 1898 Atque
190 1816 231 1875 ita
244 1834 304 1878 nos
316 1812 459 1878 Christus
478 1821 576 1885 amet,
595 1819 630 1871 ut
649 1810 710 1871 boc
729 1812 874 1887 consilio,
893 1822 989 1876 totam
1006 1815 1086 1878 illam

68 1914 273 1978 barbarorum
293 1914 503 1976 colluvionem
524 1930 651 1989 pessum
667 1909 857 1976 dederimus.
893 1914 974 1978 Nam
990 1917 1015 1979 si
1033 1936 1087 1980 me

69 2014 201 2088 auditis,
231 2033 337 2096 neque
363 2012 521 2074 contemni
546 2031 564 2072 a
591 2011 680 2075 vobis
704 2014 825 2076 Tuscos
853 2016 947 2089 volo,
980 2036 1087 2101 nequo

70 2117 187 2191 timeri,
215 2114 358 2178 conscius
378 2113 449 2174 mibi
470 2113 547 2194 quid
565 2115 664 2192 possit
684 2112 864 2189 Germanis,
891 2113 916 2176 si
938 2115 1013 2175 velit
1029 2134 1090 2179 ex·

70 2217 180 2299 periri,
201 2235 236 2313 {¹⁰
255 2214 371 2276 viribus
389 2213 434 2275 uti
451 2215 525 2274 suis.
562 2209 625 2274 Scd
642 2232 721 2292 opes
738 2224 787 2276 est
801 2214 984 2289 sobrietate,
1005 2234 1088 2295 opus

72 2326 120 2378 est
146 2316 292 2385 consilio,
324 2331 405 2394 oprn
426 2312 615 2375 assiduitate.
666 2313 732 2375 Tot
761 2312 824 2390 jam
849 2332 948 2376 annos
976 2324 1089 2378 eontra

70 2407 193 2474 'furcas
213 2432 395 2487 movemus,
414 2413 471 2474 sed
490 2402 563 2495 quie
580 2414 666 2475 nullo
685 2412 831 2486 consilio,
851 2414 935 2474 nulla
954 2417 1088 2491 ratione,

72 2532 227 2595 nusquam
251 2532 485 2592 promovemus.
531 2514 656 2595 Quippe
679 2512 756 2574 dum
780 2531 840 2574 nos
869 2532 979 2576 eruces
1004 2516 1096 2580 suffia.

73 2616 190 2698 gimus,
220 2633 256 2675 ac
274 2615 385 2676 viritim
404 2615 485 2677 bello
509 2624 652 2695 sumptus
676 2610 869 2693 colligimus,
897 2612 975 2676 dum
996 2633 1091 2676 exer-

73 2717 166 2776 citum
179 2735 339 2793 paramus,
356 2716 430 2777 dum
445 2715 623 2789 ambitiose,
644 2715 712 2796 quis
726 2725 811 2778 terra
826 2716 968 2798 mutique
981 2716 1092 2798 copias

73 2814 219 2890 ductitet,
239 2817 425 2898 quaerimus,
455 2816 530 2877 dum
548 2816 580 2876 in
597 2812 706 2876 mediis
728 2814 784 2879 illis
810 2817 1091 2880 consultationibus

74 2917 113 2977 ad
133 2919 266 2996 privatas
285 2919 501 2984 contentiones
521 2935 559 2978 ac
573 2915 759 2978 domesticas
773 2914 961 2993 discordias,
981 2928 1014 2980 et
1026 2918 1090 2980 illas

73 3016 200 3079 frivolas
221 3016 438 3080 descendimus
456 3019 544 3090 lites3
577 3017 697 3078 interea
720 3018 816 3080 bostis
841 3015 941 3080 fretus
961 3019 1092 3082 consilio

74 3114 253 3194 opibusque
278 3117 360 3190 suis,
390 3128 498 3178 nostra
524 3135 604 3180 vero
630 3136 708 3178 usus
732 3116 865 3192 desidie,
894 3136 937 3178 ex
959 3117 1035 3182 Asia
1057 3121 1091 3183 in

74 3214 252 3294 Europam,
272 3211 336 3290 jam
353 3234 395 3275 ex
413 3226 547 3296 utruque
566 3215 599 3276 ia
611 3215 751 3280 Africam
769 3217 897 3280 transiit.
928 3217 991 3280 Sed
1008 3217 1093 3280 bene

74 3317 186 3397 agitur.
232 3313 321 3374 Salva
347 3311 437 3399 nobis
464 3335 515 3378 res
535 3324 594 3378 est.
641 3315 801 3381 Consistet
818 3319 911 3381 enim.
956 3319 1093 3404 Jamque

75 3425 122 3476 tot
138 3417 196 3476 rite
210 3415 341 3494 peractis
357 3416 507 3495 quiescet.
545 3415 576 3480 Ο
594 3417 778 3482 consilium!
805 3437 828 3480 o
844 3419 1092 3501 providentiam!

75 3517 150 3577 Non
168 3518 326 3597 quiescet,
346 3513 412 3575 odit
430 3516 512 3579 enim
529 3518 693 3598 tranquilla
712 3520 830 3595 omnia,
850 3540 917 3583 non
931 3522 1093 3597 consistet,

76 3616 158 3679 nulla
180 3617 263 3675 enim
288 3614 416 3676 fortuna
441 3624 609 3679 contentus
636 3627 693 3679 est.
736 3619 811 3680 Non
832 3618 897 3681 lert
922 3623 1019 3683 otium
1042 3622 1094 3688 illa

76 3725 205 3789 nonna,
231 3734 297 3777 non
315 3712 377 3778 lert
395 3732 513 3794 pacem.
558 3713 591 3776 Si
608 3713 695 3777 ierre
714 3727 843 3795 posset,
871 3728 944 3780 ante
961 3719 1093 3796 tulisset,

78 3814 204 3895 quando
229 3835 298 3876 non
322 3824 410 3875 erant
430 3821 478 3875 tot
500 3815 695 3893 opprimendi
715 3834 775 3878 nos
795 3819 988 3882 occasiones
1024 3820 1095 3882 ,lam

77 3924 197 3977 sertum
224 3916 263 3977 illi
283 3925 347 3990 est,
376 3915 525 3977 intestinis
542 3934 603 3979 uos
621 3915 785 3979 distractos
805 3918 985 3980 tumultibus
1008 3918 1096 3980 inva-

78 4015 164 4078 dere.
202 4015 272 4077 Jam
297 4026 402 4094 speret
427 4026 523 4078 totam
549 4015 581 4077 in
604 4015 697 4080 nobis
719 4017 885 4081 absolvere
903 4016 1094 4099 tragoediam.

79 4137 114 4179 ac
133 4117 345 4197 pulcherrimis
365 4116 471 4196 coeptis
492 4125 523 4176 et
540 4111 603 4192 jam
623 4117 703 4179 ultre
718 4115 857 4181 medium
873 4136 1006 4200 quoque
1024 4137 1097 4197 per-

79 4218 197 4291 ductis,
229 4215 440 4294 colophonem
461 4215 639 4296 imponere,
666 4236 703 4278 ec
726 4237 821 4282 omne
843 4217 969 4280 tandem
995 4217 1097 4280 absol-

81 4335 156 4376 vere
175 4315 348 4397 negotium.
384 4314 449 4376 Nisi
469 4315 572 4377 arlbuc
589 4315 749 4394 dubitatis,
769 4340 850 4403 quos
871 4320 997 4399 spiritus
1014 4329 1096 4397 agat,

84 4413 133 4475 ille
158 4424 206 4476 tot
230 4414 393 4479 nationum
415 4413 518 4478 victor
536 4414 681 4494 juretus,
708 4428 772 4481 um
790 4418 967 4484 numerosis
984 4419 1097 4502 copiis,
