2624 5108
214 820 274 945 60¹
347 866 404 942 Ad
428 862 596 940 Michael.
621 863 668 938 de
693 862 894 962 Seushcym
918 862 1091 964 Epistola.

214 1065 292 1126 dunt
319 1062 402 1123 enim
428 1059 647 1124 demandatum
669 1058 729 1121 sibi
751 1060 910 1121 tdentum.
964 1057 1048 1123 uisu
1071 1069 1221 1139 pretereo

212 1163 311 1246 magis
330 1162 378 1223 isti
397 1171 615 1234 contemnunt,
646 1179 740 1242 quem
757 1159 877 1237 literas,
905 1169 938 1222 et
952 1180 1024 1223 cum
1040 1158 1138 1222 literis
1151 1158 1220 1222 lite·

215 1264 299 1326 r'etos
316 1261 411 1340 ipsos.
458 1261 565 1342 Atque
587 1260 620 1321 in
644 1259 691 1322 liis
707 1259 935 1343 persequendis
960 1256 1113 1342 quosdam
1130 1261 1222 1342 plene

212 1374 362 1443 tyramtos
385 1372 492 1442 egunt.
539 1360 617 1422 Sues
637 1360 838 1436 venationes,
867 1378 943 1424 sues
956 1358 1119 1436 libidines,
1151 1378 1223 1423 sues

213 1462 489 1545 pcrgraecetiones,
510 1480 585 1522 suos
602 1471 730 1522 ventres
752 1458 1003 1525 numinumloco
1020 1470 1224 1522 venerentur.

214 1563 350 1642 Quidam
382 1571 412 1622 ct
448 1557 612 1638 pecuuism
635 1559 776 1634 colunt,
816 1557 911 1641 eique
940 1558 1001 1622 soli
1026 1559 1060 1637 ⁰)
1096 1578 1225 1640 operam

214 1662 297 1725 dont.
342 1664 484 1740 Quocum
507 1680 591 1722 uuus
612 1659 788 1740 llioguntiae
810 1678 914 1738 stupet·
941 1680 1036 1724 eusus
1061 1671 1125 1723 est'
1139 1660 1224 1726 serio

214 1760 337 1835 dicere,
371 1761 444 1825 nihil
468 1783 536 1824 esse
561 1759 702 1823 homines
721 1759 788 1823 sine
814 1759 965 1839 pecunie,
997 1779 1070 1822 eum
1096 1771 1222 1834 eutem,

213 1862 274 1944 qui·
282 1861 471 1941 pecuniosus
484 1861 539 1931 sit,
559 1860 650 1922 lecile
665 1860 786 1934 omnia,
803 1882 872 1943 que
888 1860 928 1923 sd
941 1860 1117 1923 animorum
1129 1871 1161 1922 et
1172 1857 1225 1935 ⁸¹⁴)

214 1981 383 2040 corporum
409 1962 618 2023 emolumenta
644 1970 717 2023 sunt
741 1961 934 2037 necessarie,
967 1960 1155 2024 habiturum.
1194 1960 1226 2022 0

214 2061 421 2122 execrandam
451 2059 584 2122 hominis
618 2078 741 2126 vocem.
793 2061 823 2123 0
852 2062 1011 2125 crudelem
1041 2061 1227 2125 orationem.

202 2160 294 2222 ‘Esse
319 2178 499 2242 quenquam
522 2159 602 2220 adeo
624 2159 751 2220 avaritie
769 2174 979 2237 excocceuun,
1017 2171 1053 2223 ut
1072 2159 1227 2223 vilissime

213 2258 386 2323 solemnes
404 2263 552 2322 humanas
570 2257 729 2332 actiones,
762 2260 830 2339 ipse
847 2278 979 2344 meoque
998 2259 1099 2322 officis
1115 2270 1147 2322 et
1163 2259 1227 2322 vir-

215 2371 296 2423 tutes
327 2361 527 2440 posthabeat,
567 2358 687 2442 quique
712 2371 803 2438 putet
836 2381 913 2423 euro
938 2360 1130 2424 sanctissime
1155 2359 1227 2419 uites

213 2461 320 2523 mutila
338 2460 525 2538 comparari,
558 2461 640 2522 haud
658 2459 745 2524 aliter
763 2476 857 2544 quem
870 2459 943 2535 sss)
960 2463 1128 2542 populares
1151 2460 1228 2521 istos

214 2564 312 2643 vulgo
328 2562 472 2636 favores,
485 2561 658 2635 clientelas,
673 2582 708 2622 ec
719 2562 914 2623 adulatorum
924 2563 1098 2623 comitatus.
1126 2562 1229 2638 Quem

215 2681 277 2743 ego
297 2683 337 2724 eo
357 2662 412 2723 tuli
430 2663 609 2735 molestius,
636 2663 723 2744 quod
740 2672 777 2723 et
791 2663 894 2722 literas
912 2661 1079 2742 aliquando
1101 2659 1226 2733 didicit,

215 2773 247 2823 et
265 2782 326 2841 pro
351 2764 446 2824 docto
466 2764 607 2825 habetur.
658 2763 755 2823 Visus
780 2770 827 2822 cst
852 2760 936 2829 enim
960 2758 1036 2821 mihi
1064 2759 1229 2822 autoritate

216 2881 273 2922 sua
287 2861 322 2922 in
339 2863 420 2924 benc
437 2862 621 2922 seutentiam
644 2862 799 2922 abducere
815 2860 902 2923 elios.
941 2860 1005 2923 Sed
1022 2861 1133 2923 missos
1152 2859 1230 2920 taci-

210 2980 285 3021 mus
312 2960 389 3021 istos
417 2974 625 3041 preposteros
648 2961 826 3022 canonicos.
878 2961 931 3021 'l'u
953 2960 1109 3023 derelictis
1134 2958 1230 3038 nugis

218 3080 255 3120 sc
275 3060 499 3142 nugatoribus,
520 3061 552 3123 id
571 3063 659 3144 quod
676 3060 772 3134 loeis,
791 3072 844 3122 tue
859 3081 918 3143 age
935 3072 1064 3122 tantum.
1101 3057 1231 3120 Interim

216 3159 251 3221 iu
276 3161 337 3222 hoc
364 3163 450 3222 luctu
469 3171 594 3235 nostro,
625 3161 836 3222 calamitosum
852 3181 977 3234 senem,
1005 3162 1130 3243 quotics
1149 3158 1227 3219 inei·

116 3264 120 3272 '
217 3260 318 3336 doris,
338 3263 512 3323 consolare.
551 3261 603 3322 Ad
624 3271 707 3321 tuem
726 3260 957 3339 profectionem
971 3259 1229 3340 Hierosolymito·

217 3381 288 3422 nom
308 3372 383 3441 opto
402 3360 459 3421 tihi
477 3374 601 3422 omnem
618 3359 795 3427 felicitatem
814 3370 845 3419 et
863 3379 955 3441 quam
974 3359 1104 3420 mereris
1127 3357 1232 3418 sortu-

218 3481 299 3523 usm.
351 3460 431 3520 Vale
458 3458 602 3520 feliciter.
660 3462 712 3520 Ex
753 3478 824 3522 aree
861 3467 969 3521 nostre
1008 3455 1229 3535 Stcckelberg,

220 3556 366 3619 Calendis
387 3557 523 3639 Augusti
542 3558 590 3620 M.
612 3557 652 3624 D.
673 3558 750 3622 XV.

224 3704 416 3720 m

254 3784 285 3851 ⁴)
303 3796 367 3851 Νη»
393 3795 440 3841 uni.
487 3787 535 3857 ⁸⁸⁸)
552 3804 589 3857 cl,
612 3811 648 3849 tc.
693 3787 755 3858 ses>
773 3799 839 3845 laud
855 3798 930 3842 allter
947 3809 1026 3855 quant.
1061 3794 1135 3841 velut.
