2624 5108
611 130 612 144 l

498 777 536 859 in
559 779 708 856 Turnus.
1041 790 1112 861 51⁵

101 983 266 1041 aeternum
278 971 456 1056 quempiam
469 990 664 1035 accersamus
674 974 806 1057 regern?
824 977 897 1058 Qus
907 974 1112 1063 cogitatione,

101 1095 171 1157 qrrae
198 1076 313 1137 loedior
340 1074 372 1136 in
393 1072 541 1136 Gennani
565 1072 700 1135 bominis
720 1076 980 1138 consulationem
998 1077 1113 1140 eadere

101 1174 232 1253 posset?
263 1177 450 1256 Quanquam
472 1192 538 1234 rron
564 1172 726 1254 ignorem,
757 1171 836 1255 quid
853 1172 914 1235 sibi
932 1186 1113 1255 proponant

101 1273 159 1348 itt,
188 1293 300 1354 nempe
318 1274 459 1336 laturum
478 1282 639 1354 putantes,
668 1282 706 1335 ut
725 1292 791 1354 quo
809 1272 936 1355 longius
955 1272 1036 1337 absit
1054 1273 1112 1339 im·

100 1384 245 1454 perator,
277 1385 318 1434 eo
343 1370 472 1435 liberius
497 1370 605 1432 vivant
619 1372 670 1446 ζ’),
703 1369 759 1453 qni
787 1371 847 1433 snb
870 1369 1004 1451 irnperio
1028 1384 1112 1438 mat.

100 1474 196 1554 Quod
221 1473 369 1554 ignorant
395 1488 490 1554 quam
508 1489 565 1534 eos
585 1469 678 1532 lallat.
717 1469 868 1532 Nesciunt
886 1471 986 1546 enim,
1017 1471 1112 1536 liber·

99 1574 167 1636 tntis
185 1576 443 1636 conservatorem
460 1590 548 1645 esse,
568 1589 663 1653 sptem
680 1567 845 1633 dominum
858 1567 1112 1650 interpretantur.

100 1675 147 1736 Ae
174 1694 242 1736 non
267 1693 363 1753 posse
388 1672 446 1737 ista
470 1680 532 1732 tam
557 1669 682 1742 ‹liversa
700 1668 769 1732 sine
787 1668 890 1750 eapite
910 1672 1112 1735 concorditer

98 1773 217 1855 degere
232 1773 381 1837 membra.
417 1767 556 1850 Abjieite
581 1768 696 1852 igitur,
725 1768 838 1852 quiqui
858 1770 950 1846 estis,
976 1769 1113 1852 ineptam

99 1873 299 1953 opinionem,
320 1873 518 1944 stultauota,
538 1867 866 1935 inanumeonsitium.
905 1869 976 1943 ves
994 1881 1112 1949 autem,

97 1972 278 2054 Principes,
318 1989 360 2033 tre
397 1968 489 2033 sinite
521 1966 731 2047 mrpissinan
766 1968 879 2032 uestris
915 1970 1112 2051 temporibus

98 2083 202 2134 notam
221 2069 324 2150 inuri,
354 2079 390 2131 ut
410 2064 548 2130 defuisse
569 2087 646 2132 snus
664 2090 701 2132 ae
720 2068 876 2152 genuinus
899 2068 973 2131 huic
991 2070 1115 2135 nationi

95 2169 248 2251 Princeps
269 2169 428 2246 credatur,
457 2165 514 2251 qui
533 2188 693 2252 nunquam
710 2169 799 2249 prius
818 2166 940 2241 deluit;
965 2178 1001 2229 ut
1020 2187 1112 2249 pere-

96 2271 221 2351 grinum
255 2268 348 2333 nobis
376 2266 487 2350 jugum
512 2265 692 2348 imponatis,
728 2265 817 2351 qnod
848 2282 1010 2350 nunquam
1040 2277 1113 2331 mre

97 2367 232 2429 tulimus.
281 2366 447 2445 Breviter,
484 2378 520 2428 nt
553 2366 751 2433 Germaniam
783 2364 933 2429 Germani
954 2365 1108 2448 prodant,

97 2467 185 2549 qnod
211 2486 374 2548 nunqnam
396 2467 430 2531 in
456 2463 549 2548 hujus
576 2467 678 2551 gentis
703 2483 808 2529 mores
830 2462 944 2529 eadere
968 2477 1112 2548 putatum

95 2578 152 2629 est.
192 2565 277 2647 Quid
291 2564 374 2628 aliud
391 2567 445 2628 liet
464 2566 547 2629 enim
564 2564 625 2628 isto
647 2562 796 2641 oonsilio,
817 2563 953 2649 quamsi
969 2564 1111 2631 nativum

93 2667 192 2751 siquis
206 2667 255 2744 ιω)
283 2663 342 2728 sibi
368 2666 542 2728 membrum
568 2662 698 2739 adimat,
729 2684 766 2727 ae
789 2663 931 2729 tietitiurn
950 2664 1110 2747 reponat?

94 2766 191 2847 Quasi
218 2785 316 2843 rere,
351 2763 536 2847 Principes,
567 2782 632 2825 non
655 2761 767 2826 habeat
792 2763 970 2828 (ὶιιιιιιιιίι.
1009 2766 1110 2848 Quasi

91 2868 198 2950 regius
243 2870 304 2931 hoe
349 2866 456 2930 sectile
501 2861 579 2927 inibi
619 2863 746 2945 sanguis
787 2863 951 2928 deiecerit.
1008 2865 1109 2948 Quasi

91 2962 193 3046 prisca
221 2964 349 3029 desierit
372 2966 484 3030 virtus.
520 2960 627 3027 Nolite
644 2959 760 3045 igitur,
789 2984 811 3026 o
831 2963 1013 3045 Prineipesl
1046 2964 1108 3048 ipsi

92 3064 259 3143 desperare
278 3085 353 3140 vos,
373 3065 415 3127 de
433 3064 550 3147 quibus
570 3062 688 3145 optime
707 3082 767 3127 nos
790 3083 963 3146 speramus,
999 3065 1108 3130 Nolite

92 3162 151 3225 ista
169 3172 232 3225 tam
258 3173 391 3244 vegeta,
421 3175 483 3226 tam
500 3161 583 3226 beno
600 3162 745 3226 habentia
763 3182 800 3226 ae
818 3164 992 3244 composita
1010 3185 1107 3248 repu-

92 3263 179 3325 diare
197 3266 353 3339 menbra,
375 3280 410 3324 ae
428 3261 630 3346 peregrinum
649 3258 774 3325 aliunde
787 3261 961 3327 attrudere.
998 3262 1125 3350 Nolite„

91 3380 165 3424 enm
184 3372 231 3423 tot
252 3360 364 3424 sintin
384 3359 550 3426 Gennania
565 3359 730 3427 lonnsirni
755 3380 792 3424 ne
809 3360 995 3427 nobilissimi
1013 3360 1107 3444 juve·

91 3480 166 3536 nes,
196 3472 244 3524 tot
270 3462 392 3543 optime
415 3460 484 3542 spei
501 3461 732 3539 adolescentes.
766 3472 934 3527 externum
953 3482 1106 3549 arrogare

91 3560 287 3642 Principem
314 3560 346 3625 id
365 3570 414 3626 est
432 3578 547 3625 carneo
569 3581 605 3623 ne
623 3582 703 3625 vero
720 3560 868 3643 corpori,
886 3584 963 3628 suos
982 3565 1102 3630 subdu·

90 3678 164 3723 cere
173 3661 274 3740 perles
290 3673 343 3725 ont
361 3680 491 3739 manns,
510 3671 543 3723 et
559 3659 683 3742 ligneos
701 3670 755 3722 aut
772 3660 939 3727 suberinos
955 3683 992 3727 se
1009 3668 1101 3731 finos

88 3780 260 3840 apponere.
298 3761 395 3843 Quod
420 3760 447 3825 si
466 3757 523 3844 qui
541 3767 630 3834 sunt,
659 3754 799 3840 quinon
818 3758 979 3823 admittunt
995 3762 1103 3826 eonsi-

88 3857 181 3935 linm,
222 3872 254 3923 et
280 3864 396 3947 rpribus
424 3859 529 3924 omnia
552 3857 646 3922 libeat
658 3857 727 3937 ⁰³⁶)
754 3854 931 3937 moenere,
961 3858 1009 3922 lris
1034 3879 1099 3942 ego

86 3976 160 4021 enm
183 3962 352 4025 innocente
377 3961 438 4029 bo't
462 3966 715 4039 Maximillam,
745 3976 765 4020 tt
787 3955 858 4025 Diis
874 3955 1100 4025 immortalibus

85 4059 173 4126 illrum
191 4080 286 4144 quern
304 4071 468 4143 tantopere
492 4060 635 4126 alleetant
660 4069 827 4123 externum
843 4054 1007 4124 domiumn
1024 4080 1098 4141 pre·

86 4164 202 4236 rabor,
228 4171 263 4222 ut
280 4160 370 4224 istam
388 4158 433 4227 eis
452 4169 673 4244 praeposteram
692 4157 882 4236 libertatem,
908 4157 942 4222 in
960 4157 1098 4227 aceruu-

83 4261 193 4325 simam
233 4280 268 4324 ae
311 4256 637 4342 ignominiosissimam
688 4253 945 4344 subjugationem
982 4267 1096 4327 ΜΝ.

119 4408 150 4480 ⁸)
164 4424 269 4466 meust:
287 4416 402 4467 sisteret.
434 4406 480 4472 ⁴⁹)
497 4416 591 4476 suan.-
608 4414 667 4480 qnlt.
702 4404 768 4487 m)
784 4417 877 4467 diest:
894 4416 960 4468 libet.
