2624 5108
155 886 201 959 92
392 874 434 949 In
459 873 643 949 Ulrichum
666 875 917 973 Wirtenberg.

152 1080 236 1133 tama
246 1070 366 1132 dotoris
376 1066 476 1131 nostri
488 1066 672 1141 ruthinae,
692 1068 782 1150 quod
794 1064 970 1148 exlegibus
987 1062 1167 1143 debensrU,

153 1171 248 1251 hujus
272 1168 459 1251 supplicium
485 1167 629 1249 petimus.
675 1167 789 1249 Teque
816 1165 923 1239 Caesar
950 1165 1167 1230 Maximiliane

154 1288 295 1345 oramus,
323 1280 360 1331 ut
380 1266 471 1348 eujus
495 1267 546 1331 hio
563 1277 686 1347 tempus
707 1267 837 1330 erirnine
855 1266 1036 1347 teterrimo,
1062 1266 1169 1330 nuilis·
1205 1313 1209 1319 .

153 1392 217 1454 quo
246 1382 317 1433 anto
347 1367 455 1433 audito
483 1367 602 1430 secutis
629 1360 811 1451 insignivit,
852 1366 886 1429 in
911 1365 983 1447 ejus
1011 1366 1168 1450 supplicio

154 1475 245 1535 talem
267 1484 298 1533 to
314 1469 405 1531 nobis
422 1469 547 1551 quatem
567 1488 676 1531 omnes
691 1479 761 1531 ante
778 1467 889 1551 populi
903 1486 1012 1531 omnes
1028 1468 1173 1533 nationes

153 1581 400 1655 perspexerunt,
420 1578 545 1651 aequum
564 1566 703 1649 judicem
723 1567 892 1649 imperties.
930 1568 1068 1652 Vosque
1086 1569 1173 1650 priu-

152 1672 255 1750 cipes,
281 1680 317 1731 ut
340 1689 478 1752 quorum
496 1667 548 1731 hie
569 1668 713 1731 ordinem
735 1667 983 1746 nobilissimum,
1011 1669 1172 1732 dedecore

152 1773 256 1853 turpi,
287 1791 323 1833 ae
346 1768 520 1833 detestabili
540 1769 792 1844 commaculavit,
821 1789 879 1832 eos
907 1769 942 1832 in
966 1771 1028 1833 hoe
1049 1765 1170 1848 judicio

151 1868 391 1935 existimationis
411 1892 475 1932 suae
498 1869 640 1932 vindices
661 1869 854 1950 experiatur.
892 1871 1062 1953 Nunquam
1075 1867 1168 1930 elicui

151 1993 252 2035 causae
275 1973 373 2054 magis
399 1973 598 2055 patrocinate
624 1982 697 2036 sunt
720 1972 823 2053 legen
864 1970 943 2054 quaid
970 1969 1055 2032 enim
1083 1969 1170 2032 aliud

148 2072 207 2135 ittae
235 2075 365 2147 volunt,
403 2094 498 2157 (pram
516 2074 601 2136 tueri
624 2072 664 2135 ab
683 2069 799 2151 injuria
823 2068 1026 2145 innoeentes,
1050 2069 1168 2149 punire

150 2173 193 2235 ob
229 2174 378 2236 maleficia
418 2172 604 2255 improbos?
658 2174 729 2235 Hoc
769 2191 829 2233 vos
869 2169 973 2233 ueteri
998 2169 1164 2233 'Germani

151 2292 407 2349 commonemus,
452 2284 488 2336 ut
529 2273 607 2358 quid
643 2275 730 2354 leges
766 2272 880 2347 velint,
928 2268 1096 2353 cogitetis,
1136 2281 1169 2331 et

150 2376 238 2457 quod
268 2375 324 2436 illm
353 2377 481 2449 volunt,
510 2373 660 2437 statuatis.
712 2374 775 2435 Sed
796 2370 858 2452 jam
887 2370 1068 2453 cogitastis,
1105 2370 1167 2453 jam

148 2474 317 2551 statuistis,
354 2473 416 2555 jam
450 2475 626 2538 damnastis.
677 2474 821 2537 Edicite!
855 2474 1018 2554 proferte!
1052 2473 1167 2557 Neque

148 2573 232 2636 euim
260 2576 455 2639 indemnatus
479 2575 580 2638 videri
606 2586 726 2656 potest,
752 2576 805 2638 cui
833 2576 867 2638 in
893 2578 979 2639 nullo
1004 2574 1167 2637 hominum

147 2686 250 2751 cortu,
272 2675 304 2738 in
323 2679 405 2739 nulia
426 2675 578 2739 nobilium
592 2676 839 2757 congregatione
858 2678 947 2736 loeus
966 2685 1023 2736 est.
1063 2674 1166 2755 Quem

144 2774 221 2837 nulli
250 2797 316 2858 quo
345 2776 494 2855 proprius
519 2774 874 2856 alloquio·dignantur;
908 2794 1003 2836 nemo
1031 2775 1165 2849 salutat3

86 2898 91 2909 “
143 2894 238 2937 nemo
263 2877 409 2955 appellat,
439 2874 494 2957 qui
509 2875 653 2936 desertus
673 2887 720 2939 est
739 2875 779 2938 ab
803 2875 967 2950 omnibus,
996 2877 1165 2959 despectus

142 2975 236 3039 etiam
256 2974 296 3035 ab
311 2973 441 3049 intimis3
463 2997 558 3058 quem
573 2998 681 3040 omnes
699 2975 852 3049 oderunt,
871 2979 981 3039 omnes
999 2977 1163 3059 indignum

142 3074 195 3135 etri
226 3075 426 3156 ignoscatur,
458 3087 577 3158 putant.
624 3080 728 3157 Quem
757 3073 914 3138 victimam
942 3077 1165 3141 innocentibus

144 3174 262 3238 umbris
285 3174 354 3237 fleri
371 3178 547 3258 postulant,
570 3188 753 3238 vexatorem
773 3176 895 3257 patrie,
920 3167 1023 3239 nostri
1046 3178 1165 3240 ordinis

141 3276 358 3357 proditorem,
377 3277 477 3338 omnis
494 3275 589 3356 juris,
606 3276 746 3338 omnium
760 3279 867 3357 logum
881 3288 1165 3360 transgressorum

143 3377 284 3438 Suevicoe
307 3375 441 3437 nationis
460 3376 577 3449 labem,
605 3377 796 3455 propudium
817 3377 1009 3451 Gennauiae;
1042 3391 1165 3458 pestem

140 3475 238 3555 hujus
264 3473 404 3554 imperii,
435 3485 616 3553 portentum
640 3477 870 3554 prmseutis·‘²²²²³‘)
894 3477 1007 3539 saeetdi.
1055 3480 1163 3557 Quare

142 3574 223 3657 quid
237 3574 322 3636 aliud
340 3595 399 3635 vos
413 3595 559 3650 exorem,
579 3594 674 3658 quam
694 3587 729 3637 ut
745 3576 796 3652 id,
819 3578 910 3663 quod
923 3598 959 3641 re
970 3587 1036 3653 est,
1055 3579 1164 3642 verbis

140 3697 276 3761 quoquo
294 3676 527 3757 comprobetis!

154 3880 208 3970 Ὗ)
226 3913 348 3959 zwtschen
366 3914 456 3969 teritos
473 3942 507 3951 -
525 3918 638 3963 detetur:
668 3915 739 3961 notis
767 3913 985 3969 turensestrishen.
1030 3905 1079 3978 **)
1093 3928 1162 3971 prm

174 4000 270 4055 asoth,
289 3999 368 4053 hujus.
