2624 5108
521 887 650 963 Oratio
676 886 828 981 Quarta
1110 892 1175 961 155

155 1082 315 1165 volebant.
339 1118 374 1129 -
391 1081 600 1165 Flagitiosum
623 1082 687 1144 hoc
708 1092 799 1143 uatum
821 1090 1038 1143 ,commentum
1064 1090 1123 1143 est.
1143 1112 1176 1125 -

149 1184 260 1254 Rediit
280 1170 480 1265 postea'non
504 1182 692 1258 accersitus,
724 1191 755 1243 et
773 1181 874 1243 invito
898 1201 949 1243 nte
966 1178 999 1269 ip
1022 1183 1122 1243 aulum
1143 1202 1177 1242 se

148 1284 305 1357 inseruit,
334 1304 408 1346 cum
423 1282 550 1347 interim
565 1280 640 1347 nihil
656 1274 699 1345 illi
717 1279 912 1347 familiariter
927 1278 1123 1356 conferrem,
1147 1291 1179 1341 et

149 1384 242 1445 vultu
259 1384 395 1467 pariter,
423 1382 466 1445 ω’
485 1402 634 1447 sermone
651 1393 801 1459 testarer,
835 1386 902 1465 quo
928 1381 962 1444 in
983 1396 1057 1445 eam
1073 1380 1178 1442 altimo

150 1490 264 1556 mem.
299 1483 442 1547 'Demde
466 1504 539 1547 oum
563 1484 685 1549 exirem
710 1485 836 1573 aliquo,
867 1495 987 1549 temere
1011 1482 1177 1547 comitatus

150 1592 215 1659 est,
250 1604 270 1645 a
295 1584 399 1647 multis
422 1584 528 1667 prius,
561 1607 603 1647 ne
628 1585 847 1662 desisceret,
880 1586 1029 1649 monitrls.
1077 1584 1104 1645 F
1107 1594 1177 1645 orte

147 1684 236 1759 enim
254 1683 401 1765 futurum
414 1684 466 1747 ¹illi
490 1686 654 1761 dicebant,
674 1699 721 1753 ut
739 1684 841 1771 ipsius
853 1684 933 1751 milri
955 1686 992 1762 *l
1011 1682 1176 1766 praeseutia

144 1786 267 1849 veteris
287 1786 493 1859 soffemienis
528 1788 793 1851 recordationem·
809 1786 959 1851 adferret.
1013 1787 1100 1865 Quas
1127 1784 1180 1848 ille

146 1876 413 1977 commonitiones
428 1886 602 1951 inloleuter
622 1889 735 1965 illusit,
755 1908 845 1950 suam
856 1874 986 1949 loricam
998 1898 1178 1963 ostentans,

148 1980 380 2063 commueret,
409 1988 573 2051 adorietur
591 1988 643 2051 ille
666 2010 717 2052 me
733 1988 868 2065 verbis,
889 1999 921 2051 et
938 2008 1002 2072 ego
1021 1988 1179 2071 intrepide

145 2089 371 2171 respondebo,
398 2100 526 2171 nectest
548 2088 638 2177 qrrod
658 2096 821 2153 metuem.“
842 2130 882 2145 -
902 2090 933 2153 0
952 2090 1179 2171 impudentiam

146 2192 372 2275 singulareml'
390 2190 503 2269 Arides
517 2188 643 2266 dicere,
666 2212 858 2277 ‹premquam
879 2203 910 2252 te
928 2191 1048 2265 iuvito,
1067 2192 1103 2255 in
1125 2204 1179 2253 tua

148 2314 219 2355 esse
234 2292 328 2376 araldi
355 2290 563 2371 perlidiosmn
576 2292 746 2372 presertim
762 2292 977 2375 proditorem,
998 2310 1034 2351 ac
1048 2290 1178 2353 insidia-

150 2390 294 2455 roremt'
310 2374 388 2455 'cui
411 2402 516 2454 autem
540 2392 712 2457 verisimile
733 2394 876 2467 videtur,
910 2414 948 2455 ea
973 2391 1059 2453 illum
1078 2390 1179 2455 fuisse

153 2482 301 2567 audacis,
331 2504 371 2565 ut
385 2512 459 2555 cum
475 2502 507 2553 te
527 2492 588 2555 sibi
606 2496 812 2558 vehementer
830 2492 924 2555 irasci
945 2502 1109 2566 comeret,
1142 2510 1179 2551 ac

151 2592 262 2677 flagitii
278 2590 339 2654 sibi
354 2592 502 2655 conscius
519 2604 620 2669 esset,
639 2596 725 2657 ultro
742 2604 847 2657 tamen
864 2590 910 2655 sic
929 2601 1089 2655 commoto
1109 2590 1178 2666 tibi,

148 2692 195 2769 sic
219 2694 345 2757 ollenro
366 2692 558 2755 adsisteret?
596 2692 798 2774 Contempsit
816 2706 848 2756 te
876 2714 974 2770 vero,
1012 2714 1048 2754 ac
1071 2692 1178 2756 verbis

148 2792 273 2857 irritare
282 2793 402 2869 voluit,
416 2794 472 2877 qui
482 2814 542 2875 per
555 2795 779 2859 intercessores
788 2795 874 2878 egit,
887 2806 922 2859 ut
935 2794 1179 2859 secum“redires

145 2892 180 2957 in
202 2893 362 2977 gratiam?
397 2894 518 2959 lterum
544 2894 621 2957 uilril
652 2895 820 2972 convenit3
861 2895 966 2961 omuia
989 2894 1179 2977 discrepant.

145 2996 214 3059 Res
229 2996 274 3059 ita
293 2996 398 3059 habet.
440 2996 559 3079 Neque
574 3006 609 3057 tu
631 2994 717 3059 illum
734 2995 915 3073 dimiseras,
945 3016 1052 3082 neque
1067 2982 1124 3061 alu
1148 3009 1180 3059 te

145 3096 200 3157 ille
226 3096 430 3171 discesserat,
463 3108 495 3157 et
520 3097 548 3158 si
572 3097 785 3175 discessisset,
818 3119 885 3161 uon
911 3098 1068 3163 rediisset.
1115 3098 1180 3161 Sed

147 3210 283 3267 venerat
309 3198 362 3261 hic
384 3197 574 3263 Lrulovicus
600 3197 671 3279 ejus
693 3197 810 3275 lrater,
849 3199 913 3282 qui·
931 3201 1029 3277 patris
1051 3198 1181 3263 nomine

148 3296 339 3373 abduceret,
372 3320 446 3361 cum
463 3310 498 3363 tu
521 3298 728 3365 obnixissime
749 3300 922 3375 retineres,
951 3319 1013 3363 nec
1035 3309 1088 3361 aut
1112 3319 1179 3361 ser-

145 3418 262 3475 mone,
283 3412 341 3467 aut
353 3402 443 3461 vultu
458 3402 552 3463 ullam
567 3400 661 3463 animi
676 3401 923 3465 commotionem
940 3422 1004 3483 prae
1023 3410 1054 3461 te
1065 3399 1179 3461 ferres.
1201 3450 1204 3455 .

143 3501 246 3582 Quod
266 3521 329 3585 ego
355 3500 497 3563 omnium
522 3500 656 3565 maxime
684 3502 843 3577 admiror,
876 3502 1042 3586 quomodo
1068 3501 1178 3565 (licere

145 3620 243 3663 ausus
259 3602 319 3678 sis,
346 3601 423 3665 nihil
443 3600 636 3664 familiariter
654 3600 846 3676 contudisse,
888 3626 961 3667 carm
982 3602 1087 3683 pridie
1107 3600 1178 3683 ejus

145 3698 231 3777 diei,
261 3722 324 3787 qus
345 3705 464 3767 casdem
488 3702 658 3786 peregisti,
694 3714 800 3764 tecum
818 3702 873 3763 ille
892 3702 927 3765 in
950 3724 1040 3768 coena
1062 3706 1178 3767 eodem

144 3798 285 3863 triclinio
306 3802 500 3867 accubuerit.
550 3805 619 3871 Aut
642 3812 798 3865 nouerat
821 3804 887 3865 hec
910 3824 1031 3869 summa
1048 3805 1179 3868 familie·

141 3900 238 3977 ritas,
265 3902 416 3967 adhibere
442 3925 572 3981 mensa,
606 3923 643 3967 ac
661 3923 726 3967 arne
747 3902 854 3965 cibum
874 3904 1014 3982 capere?
1058 3908 1179 3987 Sedet

143 4002 298 4085 loqtruttu
320 4024 355 4066 es
372 4004 571 4081 amicissime,
598 4025 659 4067 nec
677 4007 775 4068 ullum
796 4004 878 4066 inte
899 4016 1100 4083 perspectum
1121 4005 1178 4067 im-

140 4102 256 4167 mutati
273 4104 369 4167 misni
385 4104 528 4187 signam,
562 4117 593 4169 et
609 4118 714 4174 tecum
738 4106 829 4172 exire
856 4102 994 4187 jussisti,
1026 4124 1063 4167 uc
1084 4103 1180 4167 istrum

141 4202 274 4266 interim
307 4204 512 4271 Ludos-icum
548 4219 718 4295 expectare
758 4228 853 4271 suum
887 4205 1033 4279 fratrem,
1087 4204 1179 4268 brevi

141 4301 335 4369 redituram.
372 4304 437 4371 Sed
454 4317 541 4372 trram
561 4308 721 4373 historiam
738 4328 928 4392 prosequar.
948 4340 982 4351 -·
1003 4306 1177 4385 „Egressus

140 4450 341 4467 ᾖ

181 4534 213 4603 *)
233 4546 311 4601 mihi,
330 4548 391 4603 aprrd
411 4558 455 4593 rae.
