2624 5108
624 528 656 573 ιΙ

508 902 637 976 Oratio
664 901 816 994 Quarta.
1107 911 1173 986 rot

145 1094 323 1171 assiduum,
353 1106 571 1165 accusatorem
588 1096 752 1167 acerbum,
778 1094 942 1159 inimicum
957 1099 1107 1176 alacrem,
1142 1113 1174 1164 ct

141 1196 303 1259 infensum
318 1198 483 1276 profitear.
523 1197 556 1259 Si
568 1216 696 1275 possem
712 1196 787 1279 cogi
805 1197 904 1267 enim,
927 1209 962 1259 ut
978 1209 1047 1262 tuas
1061 1200 1172 1276 furias,

139 1306 229 1359 tuam
258 1295 492 1361 inclementiam
529 1296 688 1372 timerem,
733 1319 836 1379 nuper
871 1298 1061 1375 timuissem,
1101 1322 1173 1365 cum

143 1396 424 1478 sanguinolentum
453 1398 555 1459 adhuc
580 1409 668 1459 tuum
695 1419 804 1462 ensem
822 1420 880 1479 per
903 1400 1026 1463 viscera
1051 1401 1172 1464 amieis·

144 1497 217 1559 simi
242 1497 379 1562 hominis
403 1509 612 1573 transactum,
649 1519 707 1578 spe
736 1520 837 1574 nova,
867 1519 954 1562 nova
980 1501 1173 1567 confidenti&

145 1600 268 1674 elatus,
301 1618 339 1659 ac
357 1599 544 1662 tumefactus
563 1600 736 1675 educeres,
769 1611 802 1661 et
822 1600 856 1661 in
876 1611 1021 1663 nostrum
1041 1602 1173 1666 exitium

142 1698 340 1762 revibrares.
387 1700 495 1776 Tunc,
525 1699 674 1782 inquam,
706 1721 780 1764 oum
799 1701 890 1783 quasi
908 1701 1012 1766 subita
1030 1704 1173 1786 quadam

142 1810 332 1881 tempestas,
353 1820 425 1863 cum
442 1803 504 1863 hoc
528 1811 719 1863 armatorum
740 1799 857 1883 globo,
884 1824 926 1864 ex
941 1812 1174 1867 tormentorum

141 1912 274 1964 tuorum
298 1920 427 1963 carcere
455 1923 658 1982 erumperes,
699 1901 792 1964 nobis
816 1899 881 1982 jam
905 1914 974 1966 tum
998 1903 1174 1986 imparatis,

144 2022 206 2063 nee
234 2001 275 2063 ud
299 2012 389 2064 tuum
414 2022 583 2065 occursum
602 2002 676 2067 satis
690 2002 861 2066 instructis.
906 2004 971 2069 Sed
990 2005 1105 2067 eodem
1120 2004 1175 2067 illo

142 2115 308 2186 tempore,
335 2102 536 2165 invaderem
555 2114 628 2166 tuos
643 2103 778 2185 impetus
796 2103 918 2168 animus
935 2116 1017 2181 erat,
1045 2105 1175 2167 fortuna

142 2225 212 2268 non
232 2213 313 2267 erat.
363 2206 406 2265 Et
438 2224 524 2264 nunc
559 2214 590 2266 te
622 2216 811 2282 contemno,
845 2225 907 2268 nec
934 2209 1010 2269 satis
1036 2206 1177 2269 validum

144 2304 273 2383 judico,
305 2325 415 2388 aquo
437 2304 512 2367 mihi
533 2307 709 2387 periculum
734 2305 887 2386 suspicer.
942 2307 1077 2369 Adhuc
1098 2300 1175 2365 nilril
1252 2370 1253 2374 ,

148 2404 304 2482 omittam,
326 2407 416 2489 quod
436 2408 477 2468 ad
494 2407 541 2470 tui
560 2411 815 2490 persecutionem
830 2406 963 2469 attinere
980 2403 1174 2478 arbitrabor;

148 2504 345 2591 faciemque,
379 2520 415 2570 ut
442 2529 636 2590 cognoscas,
656 2509 730 2571 totis
752 2530 803 2570 me
827 2506 937 2581 animi,
970 2526 1007 2568 ac
1029 2502 1174 2587 corporis

149 2605 270 2672 ritibus
291 2619 403 2671 contra
419 2619 450 2670 te
469 2609 633 2672 intentum.
671 2609 769 2692 Quod
787 2620 822 2670 tu
837 2607 910 2669 licet
923 2604 1029 2669 verbis
1048 2605 1174 2679 eleves,

146 2708 244 2771 animi
268 2720 377 2772 tamen
405 2711 560 2773 sententia
582 2710 648 2785 tui,
687 2721 719 2772 et
745 2729 781 2770 re
806 2709 874 2788 ipsa
896 2727 964 2769 non
988 2705 1174 2769 contemnis.

145 2810 230 2871 Nam
256 2820 294 2873 ut
316 2810 401 2873 aliud
428 2810 505 2873 nilril
532 2812 667 2892 possim,
710 2829 817 2872 nonne
845 2810 907 2871 hoc
941 2807 1177 2872 acerbissimum

146 2909 204 2973 tibi
233 2909 366 2987 accidit,
404 2914 495 2994 quod
527 2913 687 2975 neminem
717 2912 807 2974 vides
841 2929 911 2973 esse
939 2908 973 2971 in
1007 2908 1178 2972 Germania

144 3011 245 3075 literis
275 3014 413 3089 clarum,
456 3013 594 3096 -quicum
634 3035 701 3075 non
730 3011 902 3074 aretissimu
933 3009 1010 3074 mihi
1043 3008 1178 3072 amicitia

148 3111 391 3176 intercesserit?
427 3115 550 3176 Eorum
573 3134 764 3197 quemquam
780 3133 851 3174 csse
870 3122 980 3193 putas,
1009 3110 1066 3193 qui
1087 3121 1178 3172 tuum

149 3212 255 3276 scelus
264 3213 389 3275 silentio
404 3213 669 3295 praetermissurus
681 3213 744 3278 sit?
774 3214 849 3274 Non
861 3223 939 3285 tarn,
961 3210 1038 3293 quia
1050 3209 1096 3270 sic
1108 3209 1177 3270 vixi

108 3386 112 3391 ⁴
150 3330 238 3396 ego,
258 3310 343 3390 (lieet
354 3313 440 3377 euim
452 3315 618 3397 magnifice
630 3315 736 3399 loqui,
759 3333 825 3399 quo
845 3323 881 3374 tu
900 3309 1000 3392 magis
1017 3308 1177 3381 inrideas)

148 3412 227 3497 qnia
236 3411 380 3498 inquam,
392 3415 439 3477 sic
449 3415 517 3476 vixi
528 3436 609 3499 ego,
626 3428 662 3479 ut
674 3416 714 3477 ab
725 3414 871 3478 omnibus
885 3409 1034 3495 ingenio,
1055 3430 1092 3472 ae
1103 3429 1177 3470 eru-

147 3515 272 3579 ditione
283 3514 475 3591 illustribus,
489 3517 584 3580 amari
595 3537 735 3590 merear,
749 3527 850 3598 utque
858 3512 1037 3579 clarissimis
1047 3509 1182 3575 homini·

150 3618 214 3679 bus
231 3618 533 3681 commendatissima
555 3615 618 3698 jam
639 3637 709 3681 osse
723 3615 859 3678 debeant
875 3615 980 3681 studia
999 3634 1070 3678 mea
1085 3630 1181 3696 (fuam

154 3715 233 3800 quis
260 3719 319 3781 tale
348 3731 439 3782 tinam
468 3717 586 3781 laetum
622 3729 687 3792 est,
731 3717 821 3798 quod
850 3737 945 3779 nemo
974 3716 1079 3777 bonus
1114 3734 1180 3774 non

151 3832 296 3885 extreme
316 3822 423 3886 odisse
444 3822 578 3897 debeat,
608 3819 803 3889 iturorum,
829 3814 874 3875 ita
893 3816 1072 3897 singulare,
1093 3824 1128 3875 ut
1146 3833 1182 3875 se

150 3921 189 3984 in
203 3923 347 3986 omnium
366 3923 470 3986 literas
488 3924 572 3984 ultro
591 3919 738 3984 insinuet.
777 3912 959 3978 Posteritati
974 3926 1035 3976 tute
1052 3913 1183 3975 invideo

152 4021 320 4101 camilex,
342 4046 359 4086 a
383 4045 449 4107 quo
463 4024 556 4086 etiam
571 4044 671 4085 annus
685 4020 736 4082 hic
748 4012 1012 4081 denominabitur.
1039 4011 1143 4090 Cujus
1153 4012 1184 4087 ὓ)

151 4124 268 4189 sceleri
297 4125 366 4187 dies
395 4125 563 4188 tribuetur.
624 4121 676 4186 Sic
709 4120 794 4182 enim
828 4121 935 4201 legent
961 4110 1096 4195 posteri,
1144 4130 1184 4171 eo

152 4225 296 4309 aliquem
321 4246 406 4289 anno
432 4239 540 4289 natum
568 4244 634 4308 quo
661 4234 695 4285 tu
723 4215 958 4300 inextinguibili
985 4210 1185 4274 Germaniam

152 4326 279 4409 probro
295 4328 447 4411 polluisti.
485 4327 549 4391 lbis
569 4326 603 4388 in
620 4324 719 4389 fastos
736 4319 891 4404 improbe.
929 4312 1073 4399 Augebis
1087 4310 1185 4375 histo·

190 4558 223 4627 ⁴)
244 4566 334 4625 eujus,
354 4570 429 4622 eujus:
