2624 5108
203 848 273 923 att
606 847 826 949 Triumphus

201 1040 314 1100 Ebrius
332 1041 480 1100 Ortuiuus
497 1041 615 1101 scabris
631 1058 665 1099 re
681 1044 823 1101 versibus
841 1042 938 1116 rddit,

201 1137 321 1194 Deinde
343 1136 389 1190 alii
409 1145 535 1192 certant.
570 1137 636 1193 llos
653 1148 686 1195 tu
704 1138 873 1210 Chrysippe
890 1141 1018 1199 Meneni

166 1264 169 1271 ·
202 1231 275 1287 Non
295 1230 385 1286 addea
403 1230 543 1302 populo?
560 1230 609 1285 vel
628 1247 692 1287 non
708 1231 865 1289 damnabis
883 1243 986 1304 aperte

203 1323 367 1380 Ostensum
384 1324 464 1379 nulla
484 1323 627 1394 Anticyra
645 1324 800 1395 purgabile
819 1326 923 1383 virus?

205 1418 376 1474 Ridiculum
397 1417 512 1471 bellurn
532 1416 603 1472 illud
622 1427 705 1485 erat,
721 1418 776 1475 aed
793 1420 904 1487 grande
923 1422 1071 1492 periclum

201 1514 244 1571 Ni
264 1514 362 1567 latuoa
381 1527 490 1579 ausae,
508 1520 539 1567 et
555 1510 779 1567 dementissima
797 1523 912 1584 empta,

202 1607 379 1675 Ingenium,
397 1615 536 1675 notaeque
555 1604 612 1659 viri
631 1604 768 1661 facundia
786 1605 881 1662 laudir

204 1699 350 1755 Ostendat
369 1698 503 1765 cunctis,
522 1696 671 1768 Capaioni
689 1698 836 1766 lactabat,
857 1708 887 1754 et
906 1699 995 1769 ignia,

204 1794 300 1848 Caura
319 1791 498 1860 gerebatur,
515 1807 605 1863 quam
623 1808 686 1863 quo
703 1792 843 1859 graviore
862 1794 979 1863 periclo

204 1886 283 1943 Rem
302 1884 457 1955 confecit,
475 1902 513 1939 eo
532 1884 653 1940 devicto
671 1884 768 1943 latior
791 1887 889 1953 horte.

189 2062 192 2067 ⁴
250 2061 254 2068 ¹
273 2072 364 2129 Dicat
382 2071 447 2142 Jo,
467 2072 491 2129 ei
509 2088 543 2129 ae
561 2072 648 2129 novit
665 2071 848 2140 Germania,
866 2073 963 2142 dieat,

204 2165 321 2222 Fletum
343 2167 531 2231 Heraclitus,
553 2167 649 2223 riaum
667 2168 867 2223 Democritus
886 2167 961 2234 iret,

205 2259 361 2316 stultitiam
381 2259 597 2327 immodicam,
620 2260 667 2315 vel
687 2261 769 2331 quod
786 2277 820 2316 ee
842 2261 964 2317 audacia
980 2270 1095 2316 tantum

205 2355 370 2424 Extulerit,
397 2354 445 2409 v'el
464 2353 546 2425 quod
566 2353 615 2409 cui
633 2362 731 2409 totum
754 2354 865 2410 insania
884 2365 990 2427 pectua

203 2448 380 2514 Possideat,
401 2456 487 2503 recte
504 2462 632 2518 erpere,
651 2455 680 2501 et
696 2462 729 2501 ae
747 2448 849 2505 dicere
868 2447 990 2517 credat,

205 2541 387 2598 Persuasum
408 2550 509 2596 tamen
526 2541 664 2609 catillis,
683 2555 752 2595 aeae
770 2541 872 2596 omnia
890 2543 976 2597 soloe

206 2637 360 2704 Cernere,
379 2635 450 2707 quid
468 2650 599 2702 verum,
618 2632 689 2704 quid
709 2634 835 2700 falsum,
855 2635 926 2706 quid
945 2636 984 2689 sit
1002 2633 1149 2707 iniquum.

206 2731 299 2804 idque
319 2729 356 2782 ita
375 2746 437 2783 non
456 2726 567 2786 Bboebi
585 2727 737 2799 tripodas,
755 2727 899 2798 Deloque
918 2728 1043 2799 petitum

205 2822 414 2895 Respondisae
433 2821 555 2890 Deum,
574 2822 804 2891 Dodoneaaqnc
823 2821 997 2889 volucreia,

206 2916 373 2985 Corniger,
392 2924 423 2969 et
438 2914 462 2968 ai
480 2915 553 2986 quid
570 2915 696 2986 Libycis
715 2913 744 2967 in
763 2913 895 2983 syrtibus
913 2915 1064 2972 Hammon

207 3010 356 3066 Retulerit
373 3008 481 3080 vapido
503 3007 540 3062 de
560 3008 626 3063 eole
645 3005 813 3063 calentibus
829 3007 936 3075 Afris,

207 3104 317 3159 Omnia
335 3119 407 3156 vera
426 3100 538 3157 minue.
575 3101 633 3157 Sed
651 3099 777 3167 nescio,
796 3101 869 3171 quid
886 3102 959 3157 mihi
977 3105 1097 3159 tandem

209 3196 382 3265 Succurrit,
402 3212 474 3251 reor
491 3195 555 3252 hoc
573 3195 673 3266 ipson,
692 3194 745 3248 ubi
765 3194 897 3266 pessima
914 3195 1036 3267 dicunt,

206 3293 280 3350 Non
299 3291 439 3360 nescire,
456 3289 511 3344 aed
528 3304 569 3343 ex
586 3287 676 3342 animi
696 3287 882 3344 contendere
901 3288 997 3343 atroci

207 3385 369 3456 Nequitia,
391 3394 424 3438 ut
442 3391 560 3437 rectum
579 3391 719 3451 vertant,
741 3381 913 3454 iterumque
931 3391 1101 3451 revertant,

209 3479 299 3536 Certe
317 3478 365 3531 hia
382 3477 517 3529 innatum
535 3483 582 3529 eat
599 3476 701 3532 scelus
718 3476 800 3545 hoo,
816 3484 982 3548 naturaque
1001 3477 1134 3549 primum

208 3569 351 3635 Inserit,
372 3567 453 3622 virea
470 3569 561 3638 paulo
579 3579 650 3643 post
670 3569 773 3624 indidit
790 3586 864 3625 usus
874 3609 885 3639 ,

210 3663 399 3735 Roboraque
419 3662 545 3719 incussit
565 3662 680 3741 radici,
701 3681 866 3734 acremque
885 3663 1034 3734 vigorem.

210 3757 261 3813 Nil
282 3756 393 3810 timidis
411 3755 512 3810 scelua
532 3755 561 3811 in
580 3758 726 3829 quodvia,
748 3759 916 3830 genitisque
933 3776 1061 3814 nocere.

212 3853 371 3922 'Tanquam
392 3853 459 3909 haec
478 3868 547 3907 cum
567 3853 686 3925 superis
705 3852 836 3907 babeant
856 3853 1044 3911 commercia
1062 3844 1158 3908 divi'a:

212 3949 449 4015 Obstrictoeque
468 3949 557 4002 Dece
576 3948 605 4002 in
624 3957 694 4002 vota
712 3946 826 4001 nefaria
846 3944 965 4014 poeaint

214 4044 349 4110 Cogere.
376 4060 445 4095 erun
465 4043 599 4113 placeat,
623 4040 669 4092 vel
690 4057 761 4094 curn
781 4055 835 4093 sua
854 4037 917 4091 dira
935 4038 1030 4095 libido

209 4135 417 4209 immunisque
435 4136 507 4189 velit
526 4135 623 4200 livor,
642 4146 820 4204 mentesque
839 4132 991 4203 superba.

212 4231 274 4288 Per
294 4233 356 4297 las,
377 4246 491 4302 perque
510 4228 597 4287 nesae
616 4244 723 4297 gerere
742 4226 864 4294 enuntia,
883 4227 1005 4295 dicere,
1023 4242 1207 4298 rursumque

214 4326 332 4381 Inicias
351 4326 428 4377 dicta
448 4321 514 4389 ire,
535 4320 620 4393 priua
638 4323 781 4377 confessa
799 4338 921 4393 negare.

215 4422 378 4490 Nunquam
399 4426 478 4470 stare
497 4414 598 4471 animo
619 4416 756 4471 decreto.
793 4416 866 4472 Non
885 4417 924 4472 ita
943 4414 1098 4472 Protheua

217 4513 311 4567 Vertit
331 4528 364 4566 se
383 4511 414 4567 in
432 4510 530 4566 variae
547 4510 687 4585 apeciea,
705 4519 736 4566 et
753 4512 874 4568 vincula
891 4511 968 4566 ludit
