2624 5108
457 891 584 969 Oratio
609 892 738 966 Prima.
1050 900 1097 976 73

91 1086 140 1149 ille
171 1088 332 1150 occidioni
357 1087 566 1148 srrffamulatus
604 1108 666 1149 suae
701 1106 818 1170 equum
849 1087 980 1151 ministri
1014 1098 1099 1152 tenet

89 1209 200 1264 manu,
232 1189 307 1251 dum
331 1188 434 1249 omnia
460 1186 635 1248 cautissime
662 1187 828 1248 adversum
846 1206 880 1246 se
899 1200 1099 1267 apparentur.

88 1289 159 1349 Nec
176 1288 237 1350 iste
255 1287 370 1350 interea
388 1286 577 1349 familiariter
605 1308 641 1348 ac
664 1287 775 1349 blande
802 1286 941 1371 colloqui
968 1288 1098 1363 desinit,

90 1408 159 1473 qno
179 1406 270 1449 omne
294 1386 481 1467 suspicionis
500 1398 713 1469 argumentum
732 1388 873 1451 emedio
892 1389 987 1450 tollat.
1025 1388 1095 1449 Pla-

91 1488 158 1548 cuit
178 1488 301 1549 tandem
316 1487 351 1548 in
369 1507 451 1560 eam,
472 1507 541 1569 quae
554 1505 655 1566 prope
676 1497 757 1562 erat,
778 1489 895 1566 sylvam
914 1488 1095 1552 succedere.

91 1587 142 1648 lbi
170 1599 238 1649 tum
263 1586 366 1660 illum,
401 1585 455 1671 qni
479 1585 685 1668 sequebatur,
720 1586 870 1649 famulum
895 1586 929 1650 in
955 1586 1099 1650 custodia

89 1685 243 1770 relinquit
260 1686 400 1749 carnifex
407 1709 416 1761 ;
448 1686 516 1767 ipse
542 1685 692 1749 inermem
719 1698 869 1762 armatus,
899 1686 1100 1750 innocentem

88 1786 332 1848 nocentissimus
360 1785 479 1848 invadit
506 1786 606 1849 ferro.
663 1788 835 1864 lacertum,
867 1787 1099 1873 disposueriute

89 1887 212 1969 aliquos
244 1886 357 1950 sceleri
384 1886 554 1949 ministros.
615 1885 734 1971 Magna
761 1886 889 1970 quidem
916 1898 1099 1970 argumenta

89 1997 180 2065 srnrt,
209 1997 250 2047 et.
268 1986 378 2049 audite
398 1987 437 2049 ab
455 1986 617 2069 agricolis,
641 2008 677 2049 ac
695 1989 888 2070 pastoribus,
914 1986 1004 2069 juxta
1021 2009 1099 2069 ope·

88 2085 181 2161 rutis,
217 2098 332 2149 mutua
349 2087 599 2163 cohortationes,
630 2108 667 2149 ac
694 2089 934 2152 vociferantium
960 2088 1097 2165 sonitus,

89 2184 220 2266 alicujus
251 2186 437 2270 frequesrtia
465 2188 675 2268 suspicionem
698 2189 847 2269 praebent.
886 2190 949 2253 Sed
976 2212 1037 2272 ego
1057 2210 1127 2253 en*

91 2284 270 2365 suspicione
280 2308 347 2349 non
360 2307 485 2351 accuso.
522 2290 690 2374 Utcunque
704 2289 864 2365 evenerit,
883 2301 1002 2369 septem
1022 2289 1099 2349 illud

92 2384 293 2461 vulneribus,
326 2388 471 2451 omnibus
494 2389 636 2453 letalibus
657 2390 839 2452 confossum
857 2408 973 2468 corpus
992 2406 1101 2467 reper-

92 2494 163 2546 tum
188 2495 254 2560 est,
281 2487 437 2569 aliquanto
464 2487 547 2551 illinc
565 2490 596 2566 ⁴¹)
614 2489 714 2568 spatio
740 2489 846 2569 capitis
871 2488 1098 2550 indumentum.

92 2586 168 2663 Quo
187 2584 357 2669 significari
380 2589 489 2663 datur,
518 2600 662 2651 conatum
685 2588 771 2651 illum
796 2589 958 2668 dcspcrata
982 2609 1037 2662 rc,
1068 2597 1101 2648 et

92 2684 212 2766 aliquot
239 2682 301 2764 jam
329 2687 462 2775 acceptis
491 2688 692 2764 vulneribus,
734 2687 811 2771 luga
836 2687 896 2751 sibi
922 2690 1099 2750 conualerc.
1154 2675 1157 2679 ¹

94 2782 321 2848 Constematus
351 2786 403 2848 cui
420 2781 587 2883 gnsederu
616 2810 737 2872 equus,
780 2810 816 2851 ac
847 2788 937 2851 herili
964 2788 1099 2852 toerutus

90 2884 262 2969 sauguine,
293 2887 334 2949 ad
362 2907 419 2949 eos
447 2908 526 2970 quos
560 2889 704 2970 proxime
734 2888 893 2954 dimiserat
922 2889 973 2952 ille
997 2888 1037 2950 ab
1065 2908 1101 2951 sa

90 2988 233 3071 equites,
263 2987 459 3069 provolavit,
490 2988 588 3050 veluti
615 3010 727 3052 uecem
752 2990 874 3055 domini
891 2988 1100 3053 nuntiaturus.

91 3088 163 3149 Nec
178 3108 217 3151 ea
232 3088 321 3169 prius
340 3101 394 3152 aut
411 3088 498 3151 aliter
516 3088 642 3171 cognita
660 3100 721 3163 ast,
743 3092 888 3152 omnibus
908 3090 1100 3171 inopinatam

91 3207 162 3249 rem
170 3189 408 3264 admirantibus,
428 3201 512 3251 etex
526 3199 687 3251 cruentato
699 3202 785 3273 equo
797 3190 915 3251 cedem
925 3190 1101 3271 suqicatis.

90 3288 215 3371 nuga·
225 3300 312 3366 sunt,
331 3310 401 3373 quse
418 3288 502 3364 dixi,
521 3290 578 3352 sed
595 3289 726 3352 vincunt
744 3308 803 3364 ea,
824 3308 893 3372 quaa
912 3298 1102 3369 sequuntur.

89 3376 324 3485 Habesaffln
341 3389 522 3471 propitium
547 3388 607 3453 sibi
636 3390 741 3452 Deum
760 3390 825 3464 aa),
866 3388 993 3472 impune
1021 3385 1103 3449 ierat

88 3502 191 3555 totum
203 3484 273 3567 Ψ)
286 3492 405 3567 scelus,
420 3490 536 3553 fautu
546 3502 725 3565 accusetur,
736 3490 896 3553 absolutus
909 3491 971 3553 hoc
982 3486 1102 3570 judicio

92 3604 203 3669 exeat,
232 3592 260 3655 si
286 3592 480 3655 interemisse
505 3590 578 3654 satis
596 3589 714 3651 habuit.
752 3589 790 3650 ln
807 3588 967 3652 demortui
984 3607 1101 3669 eorpus

94 3690 284 3758 sevientium
309 3695 408 3757 adhuc
435 3690 672 3757 immanissimus
701 3689 855 3770 parricida
882 3688 983 3752 duxit.
1034 3690 1102 3750 Nec

91 3804 259 3857 contentus
287 3804 337 3857 est
361 3793 407 3857 sic
433 3792 594 3865 occidere,
630 3788 692 3849 nisi
717 3788 847 3866 amplius
872 3788 907 3852 in
932 3787 1101 3851 vexatione

89 3894 214 3957 ementi
242 3893 390 3977 corporis
412 3914 478 3955 non
503 3891 566 3973 jam
591 3889 726 3953 animum
744 3886 884 3962 satiaret,
915 3890 972 3950 sed
991 3890 1102 3952 oculos

88 4006 246 4077 pasceret.
297 3996 341 4057 Et
370 3994 458 4078 quod
488 3990 628 4055 omilium
655 3985 890 4052 admirationem
922 3986 1037 4063 vincit,
1067 3986 1103 4048 in

89 4094 215 4159 scelere
234 4097 335 4158 scelus
354 4092 484 4156 invenit.
521 4090 648 4172 Quippe
668 4091 827 4162 volutum,
846 4106 883 4148 ac
901 4087 1100 4160 revolutum,

88 4206 129 4261 ut
148 4192 261 4259 videre
281 4195 386 4273 licuit,
403 4204 579 4268 mortuum,
605 4189 638 4255 in
663 4189 815 4271 sanguine
836 4189 1004 4274 lapsantem
1021 4206 1102 4258 suo,

126 4427 158 4497 *)
178 4438 267 4495 ttttrre,
309 4436 372 4483 ltine.
431 4424 477 4498 ⁸*)
503 4433 640 4489 propulsu
662 4452 695 4465 -
722 4431 817 4478 Deum:
845 4426 962 4487 propltlss
979 4448 1015 4461 -
1030 4425 1103 4473 Deos
1202 4500 1203 4504 Ἰ

125 4512 190 4581 Μ)
208 4528 307 4568 totam:
325 4522 378 4569 troc.
