2624 5108
144 859 219 933 454
449 855 647 954 Pasquillus
672 857 869 931 Marrauus

147 1243 422 1317 Marsorius
462 1243 726 1334 Romanus,
768 1242 1015 1337 Pasquillo
1057 1242 1181 1315 Mar·

201 1454 207 1467 ,
268 1391 411 1469 rano,
439 1379 647 1452 classico
678 1404 786 1470 auo,
829 1380 1052 1453 Salutem.

589 1579 731 1601 *ἢ

146 1724 283 1833 Perlegi
317 1765 385 1814 tuas
422 1753 547 1828 literas,
585 1751 815 1833 jucundissime
846 1755 1022 1837 Pasquille,
1059 1756 1180 1838 quihus

145 1856 288 1917 breviter
326 1856 421 1915 ruulta
462 1853 667 1935 perstringis,
712 1856 812 1933 placet
846 1876 925 1935 ergo
964 1868 998 1917 ut
1035 1856 1180 1919 breviter

147 1955 368 2027 respondeam.
408 1957 517 2034 Qunam
543 1978 560 2015 a
586 1955 836 2036 conditorisque
855 1956 935 2017 urbe
955 1957 1063 2038 (eprod
1084 1957 1181 2034 pauci

147 2064 288 2121 norunt)
310 2056 427 2114 nodum
448 2052 611 2132 ejusdem,
643 2075 754 2115 verum
774 2065 805 2115 et
824 2056 921 2117 totius
942 2057 1029 2117 orbis
1050 2077 1180 2120 morum

148 2176 297 2217 censores
313 2155 376 2215 (lati
397 2156 511 2225 simus3
533 2156 618 2217 uude
633 2155 812 2234 etpedibus
833 2167 865 2217 et
882 2156 1025 2218 manibus
1046 2156 1148 2237 pestis
1164 2193 1180 2209 -

146 2279 188 2320 ra·
208 2255 280 2316 lruic
302 2255 475 2332 tyrannidi,
498 2276 563 2337 quo
584 2253 664 2334 jam,
686 2267 720 2317 ut
743 2256 858 2331 virleo,
879 2255 1055 2318 Christiana
1077 2268 1180 2319 scatet

145 2356 278 2434 religio,
316 2356 515 2431 resistamus,
549 2355 690 2433 inprimis
719 2357 838 2418 eiurari.
886 2359 967 2418 uam
991 2377 1069 2418 mox
1099 2357 1178 2421 visis

146 2462 201 2534 (ut
234 2455 345 2536 ajrmt)
379 2455 477 2518 litoris
512 2455 598 2530 tuis,
640 2457 902 2536 supplicationem
936 2469 1020 2518 tuam
1051 2458 1180 2521 cuidam

148 2556 330 2630 teutonico,
371 2557 535 2618 Pontificis
570 2556 742 2618 camerario
779 2569 904 2618 secreto
940 2569 1031 2619 extra
1066 2579 1177 2620 uuuos

146 2657 270 2718 tradidi.
310 2656 341 2718 Is
362 2657 517 2735 pollicitus
546 2669 609 2731 est,
642 2660 696 2733 (ut
722 2659 809 2719 multi
834 2659 942 2730 otiam,
976 2658 1075 2720 ardua
1099 2679 1177 2737 pro·

146 2759 261 2827 mittit)
298 2779 354 2817 sua
379 2759 564 2831 autoritate,
596 2759 709 2819 eodem
734 2771 916 2833 momento,
949 2780 1043 2841 mauu
1066 2760 1180 2820 Ponti-

147 2859 215 2922 ficis
238 2857 452 2939 subsignatum
473 2859 651 2920 restituere..
691 2863 731 2922 At
750 2861 925 2937 sylvester,
956 2859 1059 2938 palatii
1077 2858 1180 2942 magi·

146 2971 228 3031 ster,
266 2970 296 3017 et
330 2959 438 3019 nescio
467 2959 536 3039 quis
571 2959 648 3019 alius
681 2959 755 3019 olim
785 2982 802 3020 a
833 2960 940 3020 littore
971 2961 1110 3039 legatus,
1144 2959 1180 3022 in

147 3060 286 3121 metlium
310 3059 498 3139 prosiluere.
550 3060 739 3137 Supervenit
766 3072 797 3120 et
823 3083 863 3120 ex
893 3059 1057 3120 Germanis
1084 3081 1180 3140 egre.-

146 3161 218 3241 gius
241 3161 368 3238 quidam
389 3160 577 3238 dissipator,
609 3159 788 3240 disputator
813 3162 920 3222 (licere
941 3159 1040 3220 volui.
1080 3161 1182 3222 Hunc

147 3261 294 3335 Magistri
317 3260 416 3321 nostri
438 3260 522 3332 ltali,
550 3261 744 3334 Orlarulum,
766 3260 932 3322 Alemanni
955 3259 1179 3336 llholaudum,

146 3362 189 3422 ob
218 3373 409 3420 summram
441 3358 511 3436 ejus
539 3380 671 3425 vocem,
709 3363 872 3438 appellant.
920 3359 980 3420 Hic
1003 3359 1117 3421 librum
1136 3362 1179 3423 (le

143 3460 280 3538 primatu
302 3460 406 3521 Petri.
438 3462 515 3519 alter
542 3481 668 3520 suarum
695 3461 966 3535 confutationum,
999 3463 1047 3520 vel
1068 3462 1179 3538 potius

143 3560 371 3620 confusionum
392 3560 582 3638 Epitomeu,
603 3582 696 3623 mauu
717 3563 880 3641 portabat:
906 3561 937 3622 hi
958 3565 1182 3621 uuaL1ctlzer·i

144 3680 272 3721 causam
299 3681 405 3720 coram
435 3661 590 3721 Pontitlee
620 3674 650 3721 et
672 3662 891 3725 Cauliualibus
922 3671 1111 3735 tractarunt,
1144 3672 1181 3720 ut

127 3763 263 3824 'nutum
293 3763 460 3844 signatura
493 3764 775 3843 supplicationum,
813 3785 924 3825 verruu
955 3775 985 3824 ot
1013 3764 1179 3824 Bullarum

145 3865 367 3946 expeditiones
398 3864 519 3947 aliquot
557 3866 669 3927 (liebus
699 3886 855 3941 suspousae
888 3864 968 3925 siut:
1001 3884 1181 3945 quousque

141 3969 280 4047 genuina
316 3965 472 4027 industria
500 3988 597 4040 usus,
633 3987 707 4028 mox
736 3965 818 4026 alirul
850 3965 1025 4027 remedium
1057 3964 1181 4027 iuveni.

140 4068 221 4128 Nam
249 4066 434 4141 magistrum
467 4077 583 4142 Vives,
612 4066 776 4128 Pontillois
808 4066 984 4140 medicum,
1018 4066 1181 4129 hominem

139 4169 213 4230 alias
234 4168 488 4229 liberalissimum
509 4178 541 4226 et
561 4167 773 4244 perl'aeotum.
795 4166 897 4239 adivi,
921 4169 995 4250 quia
1013 4166 1180 4239 Hispanus

140 4281 211 4337 est,
241 4280 273 4327 et
296 4279 331 4327 ut
352 4288 482 4348 operam
500 4288 606 4339 suam,
637 4268 680 4326 ob
701 4279 839 4328 voterem
860 4280 999 4329 nostram
1019 4267 1182 4331 familiari·

142 4378 237 4427 tatem
258 4367 457 4448 porrigeret,
485 4366 574 4446 petii.
615 4368 680 4447 Qui
700 4389 775 4429 mox
795 4368 842 4430 rei
863 4368 992 4444 sarens,
1022 4370 1182 4449 supplica·

140 4466 236 4526 tionis
260 4467 454 4547 signaturam
474 4465 620 4529 obtinuit.
661 4468 808 4532 Obtinuit
826 4482 931 4532 autem
951 4491 1024 4551 per:
1048 4474 1121 4534 fiat
1151 4484 1184 4527 ut
