2624 5108
414 777 461 849 de
484 796 560 847 non
585 770 712 850 dandis
735 771 906 848 Decimio.
1093 781 1163 852 553

82 1013 85 1017 -
155 966 285 1050 opifices
305 979 492 1048 operantur,
513 977 544 1028 et
564 968 639 1026 aler
652 965 796 1040 claudus,
829 964 993 1048 nisi-quod
1009 987 1112 1047 nuper
1128 968 1162 1030 in

153 1069 332 1151 frequentia
355 1066 595 1146 peregrinorum
614 1065 991 1131 concitabaturtumultus
1010 1069 1162 1131 artificum

154 1169 354 1243 currebatur,
363 1169 566 1240 clamabatur,
580 1164 768 1227 videbantur
780 1167 908 1246 sculpti,
922 1180 953 1228 et
966 1168 1039 1247 picti
1048 1171 1163 1251 Angeii

153 1269 346 1349 excipientes
364 1288 492 1331 munera
511 1265 946 1350 largientium,serentesque
970 1267 1001 1328 in
1020 1268 1161 1333 sublime.

155 1369 273 1432 Ridere
292 1369 442 1448 poteratis
459 1387 579 1430 mecum
604 1366 751 1433 commoti
770 1364 813 1426 ob
831 1367 1000 1449 prestigias
1018 1369 1161 1449 aucupii,

153 1469 234 1531 sicut
252 1469 319 1532 risit
338 1469 412 1532 olim
435 1465 620 1530 venerabilis
638 1477 727 1547 pater
745 1465 920 1544 Cyprianus
942 1490 1002 1547 pne
1021 1469 1163 1550 indigna·

153 1570 256 1643 tione,
276 1570 346 1630 viso
361 1568 486 1631 Christo
504 1558 655 1647 pedibus,
684 1577 717 1624 et
736 1566 864 1626 auribus
881 1567 1007 1629 asininis
1026 1570 1162 1650 depicto.

152 1669 280 1735 Deflere
292 1669 367 1731 libet
381 1669 538 1731 fortunam
554 1664 657 1731 seculi
670 1663 913 1743 corruptissimi,
933 1668 975 1727 ob
988 1688 1164 1748 supremam

153 1769 374 1851 negligentiam
390 1769 628 1851 episcoporum,
655 1776 750 1845 atque
767 1759 957 1846 principum,
983 1770 1165 1848 permitten-

151 1868 245 1941 tium,
279 1871 429 1948 populum
454 1888 544 1929 suum
568 1854 610 1926 ita
631 1866 777 1948 nequiter
796 1865 910 1950 decipi.
957 1869 1074 1931 Omnes
1098 1872 1163 1935 illas

151 1978 233 2029 artes
251 1966 370 2031 invenit
388 1968 473 2029 smus
491 1966 516 2026 F
518 1952 688 2047 lorentina,
710 1977 742 2026 et
760 1966 944 2046 propediem
961 1970 1163 2045 nefandiores

153 2067 356 2148 excogitabit.
400 2066 648 2131 Animadverlite
672 2067 787 2133 modo!
819 2067 964 2149 Quisque
980 2069 1077 2129 modo
1095 2072 1163 2131 dies

150 2188 280 2231 novam
296 2166 395 2247 periet
426 2187 542 2229 curem.
600 2166 760 2242 Timetur,
784 2188 831 2229 ‘ne
862 2188 977 2245 corpus
1006 2168 1163 2246 pontificis

151 2287 289 2327 cressrnn
320 2267 480 2328 immatura
514 2277 614 2328 morte
646 2272 808 2347 perturbet
844 2264 983 2329 consilia.
1038 2266 1162 2342 Fugato

151 2367 233 2427 duce
252 2366 405 2435 Urbinato
431 2366 561 2433 similem
578 2359 736 2431 {eirenem
756 2365 914 2428 minantur
928 2365 1062 2448 principi
1085 2365 1112 2428 F
1114 2387 1164 2430 er·

148 2465 292 2529 rariensi.
330 2468 405 2545 Quo
422 2467 538 2548 pariter
556 2468 673 2542 electo,
698 2486 833 2545 regnunt
856 2466 1098 2542 constituemus,
1131 2477 1164 2529 et

150 2562 274 2646 Regem
293 2565 415 2629 Tusciae
430 2566 627 2645 salutabimus
644 2564 849 2633 Laurentium
865 2565 1038 2636 Medicem,
1060 2565 1162 2634 civem

149 2648 377 2742 nordeum.
415 2666 721 2749 sesquatorum
746 2664 900 2728 muenia
924 2678 988 2743 eu,
1020 2678 1053 2734 ei
1070 2666 1162 2733 sinu

149 2777 255 2847 potest
278 2764 361 2832 mori
388 2766 458 2827 Leo
487 2767 643 2840 decimus,
677 2787 769 2848 quam
797 2765 854 2829 iste
877 2778 1031 2846 optatum
1066 2770 1162 2833 finem

147 2878 400 2948 consequantur,
421 2877 452 2927 et
467 2866 535 2928 fieri
554 2875 674 2945 potest,
694 2876 730 2928 ut
745 2866 866 2932 Leonis
880 2887 1044 2930 successor
1063 2868 1162 2931 disce·-

146 2965 223 3027 dere
249 2979 341 3046 cogat
368 2967 573 3033 Laurentium
598 2985 638 3027 ex
667 2964 772 3028 alienis
798 2966 921 3049 regnis,
955 2967 1029 3033 ideo
1053 2981 1162 3031 contra

146 3066 313 3125 adversum
329 3077 477 3128 eventum
496 3066 638 3133 ducenda
656 3060 707 3128 est'
720 3087 805 3134 uxor
820 3066 994 3135 Laurentio
1014 3067 1047 3137 iu
1062 3070 1160 3140 Gallia

146 3161 310 3248 cujusdam
328 3162 465 3241 potentis
491 3165 579 3229 (lucis
599 3167 676 3242 illia,
708 3166 923 3250 emendusque
944 3167 987 3233 ibi
1006 3168 1161 3253 principa·

145 3274 214 3339 tue,
254 3262 424 3345 perandum
454 3262 605 3328 adversus
632 3264 781 3335 formiter
815 3289 922 3345 carris,
961 3268 1043 3335 sicut
1070 3270 1162 3333 decet

145 3362 316 3442 sapientem
340 3360 442 3423 virum
471 3361 596 3426 duobus
622 3367 728 3451 regnis
752 3368 945 3452 profugium.
991 3370 1087 3433 Facta
1113 3381 1163 3433 est

145 3465 240 3525 emtio
258 3463 384 3546 signatae
404 3462 529 3538 tabulae,
550 3465 614 3527 dati
629 3466 843 3547 fidejussores.
872 3469 951 3532 Satis
967 3468 1021 3532 diu
1039 3469 1160 3534 Medici

143 3563 279 3637 inimum
319 3563 512 3644 principum,
545 3589 721 3650 regumque
748 3566 877 3631 fortuna
909 3571 1071 3633 ambienda
1101 3580 1158 3635 est.

144 3663 275 3726 Habetis
312 3663 374 3744 jam
411 3665 554 3731 breviter
582 3678 674 3753 eaput
707 3666 925 3743 noctuarum,
968 3681 999 3729 et
1031 3668 1160 3733 insidias

145 3767 275 3841 Turne,
288 3767 368 3847 duce
383 3765 621 3846 superstitione,
636 3766 668 3834 in
685 3766 807 3831 viscere
821 3777 924 3829 vestra
937 3768 1158 3839 latrocinantis.

144 3869 246 3946 Quam
270 3866 313 3929 ob
338 3890 404 3931 rem
429 3867 562 3931 resistite
584 3866 721 3929 nefando
749 3864 884 3929 coriatui.
932 3869 1037 3937 Nolite
1056 3887 1159 3929 assen-
1221 3890 1226 3899 ·

142 3965 250 4028 tiendo
281 3967 483 4031 contaminari
509 3966 676 4045 impietate.
713 3966 810 4046 Quod
836 3979 955 4029 rectum
975 3980 1036 4042 est,
1072 3968 1160 4048 quod

141 4066 221 4129 ratio
242 4069 371 4138 suadet,
391 4069 577 4152 sequimini!
598 4068 759 4149 Signatum
779 4078 825 4131 est
845 4070 949 4132 lumen
970 4071 1073 4131 vultus
1094 4067 1157 4147 tui,

141 4167 295 4241 Domine,
328 4189 424 4246 super
453 4173 529 4235 nos!
569 4170 650 4232 Illud
679 4191 785 4233 errare
811 4172 953 4231 nolentes
981 4191 1045 4231 non
1072 4171 1156 4234 sinit.
1254 4213 1256 4216 >

139 4265 354 4341 Mementote,
375 4289 432 4329 vos
453 4289 522 4332 esse
541 4271 735 4344 Germanos,
755 4270 816 4331 hoc
832 4281 896 4345 est,
916 4274 1068 4352 populum
1088 4282 1158 4336 ante

141 4364 218 4427 alios
248 4377 357 4428 nature
386 4366 584 4444 liberiorem,
624 4367 704 4440 sicut
740 4370 845 4432 hostes
871 4370 966 4434 vestri
989 4371 1030 4435 de
1066 4372 1157 4436 vobis
