2624 5108
522 837 649 913 Oratio
674 837 805 913 Prima.
1127 846 1169 917 85

154 1053 188 1097 ac
201 1033 365 1097 innocenti
381 1031 518 1113 juvene,
541 1031 597 1117 qui
615 1031 688 1096 huic
704 1033 810 1115 patriae
828 1032 930 1111 utilis,
952 1035 1026 1099 huic
1039 1034 1172 1114 imperio

150 1135 306 1216 petendus
336 1144 418 1209 erat,
451 1142 604 1215 expertus
631 1145 689 1196 est.
747 1132 793 1194 lta
815 1145 851 1197 ut
875 1133 938 1216 jam
964 1135 1170 1201 dubitandum

149 1236 245 1297 vobis
269 1233 396 1297 minime
418 1234 476 1310 sit,
507 1233 564 1317 qni
592 1234 637 1295 sie
661 1234 793 1297 allectus
812 1245 876 1310 est,
907 1234 988 1318 quid
1004 1249 1172 1300 mereatur.

151 1336 224 1397 lam
235 1334 424 1397 illudentem
432 1354 605 1418 quamnon
618 1334 858 1415 suspicandum,
879 1336 968 1419 quod
985 1334 1170 1417 objecturus

152 1432 319 1497 interiecto
338 1434 457 1497 crimen
476 1433 540 1495 sit?
570 1433 648 1508 Cui,
675 1436 702 1499 si
717 1436 935 1520 quod-habet,
961 1456 1019 1499 cur
1038 1447 1171 1498 autnon

153 1545 225 1595 ante
240 1534 359 1595 eaedem
380 1530 511 1613 objecit,
540 1535 663 1598 autulii
680 1538 848 1601 commisso
864 1537 1036 1601 homicidio
1054 1537 1171 1620 passim

151 1634 289 1715 primum
325 1634 405 1695 male
442 1634 587 1697 audiebat
616 1638 665 1712 ει),
708 1636 991 1701 commemoravit?
1041 1639 1109 1701 Aut
1144 1637 1171 1700 si

146 1734 297 1815 pudenda
313 1744 364 1796 est
382 1736 485 1816 culpa,
515 1755 572 1798 cur
591 1738 712 1818 culpam
737 1749 847 1813 vocat,
881 1759 974 1822 quam
994 1738 1171 1822 impingere

146 1854 211 1896 nou
235 1832 362 1896 audet?
400 1834 492 1896 lllum
516 1835 543 1898 si
566 1836 770 1920 deliquisset,
805 1839 947 1900 accussari
972 1842 1081 1920 plane,
1117 1850 1171 1900 aut

146 1954 238 1996 reum
256 1933 308 2017 agi
326 1936 487 2017 oportuit,
517 1937 602 1998 hunc
622 1937 649 2000 si
668 1937 702 1999 iu
719 1948 892 2001 merentem
919 1938 1169 2002 animadvertere

146 2034 320 2109 voluisset,
338 2045 370 2098 et
382 2036 428 2097 ira
439 2057 575 2098 vacuum
584 2060 670 2113 esse,
691 2051 723 2102 et
735 2061 776 2102 ex
790 2042 896 2122 legum
909 2041 972 2101 hoc
984 2038 1168 2121 praescripto

145 2137 276 2220 exequi.
329 2136 374 2200 At
397 2158 504 2221 neque
532 2139 690 2201 acetrsavit
717 2162 829 2216 reum,
872 2151 905 2203 et
932 2140 1050 2202 indicta
1076 2158 1168 2201 causa

145 2238 284 2313 necavit,
325 2248 359 2297 et
390 2238 429 2299 ad
453 2240 551 2299 nullas
583 2241 668 2317 leges
693 2240 852 2322 respexit,
889 2259 950 2300 nec
979 2238 1166 2320 perfunctus

147 2336 317 2418 parricidio
330 2337 424 2400 irasci
443 2337 570 2400 destitit.
609 2339 727 2403 lterum
748 2341 846 2422 igitur
865 2339 957 2414 dico,
978 2336 1050 2420 quis
1067 2335 1167 2396 venire

149 2438 239 2499 locus
260 2436 330 2499 est?
361 2449 415 2500 aut
431 2440 518 2501 srnde
535 2439 743 2502 miserationis
764 2439 965 2502 occasionem
988 2434 1168 2516 arripietis?

148 2539 222 2601 Non
239 2538 349 2609 babes,
380 2560 446 2622 quo
470 2550 500 2601 tc
524 2540 690 2621 expedias,
728 2537 886 2601 carnifex!
923 2537 1040 2599 Fassus
1062 2533 1112 2609 se)
1133 2555 1167 2596 es

144 2639 303 2701 delictum.
342 2639 545 2721 Promulgata
557 2653 604 2702 est
618 2642 726 2721 culpa;
746 2660 833 2701 novo
847 2648 879 2699 et
890 2634 1034 2699 inaudito
1046 2637 1165 2698 scelere

143 2739 285 2819 polluisti
312 2739 529 2803 Germaniam!
562 2740 717 2804 Omnibus
746 2739 865 2803 invisus
889 2759 941 2814 es,
968 2736 1165 2820 perniciosus

145 2838 260 2903 multis.
297 2837 459 2903 lndultum
487 2841 561 2905 satis
584 2841 698 2904 furori.
744 2840 828 2903 Hinc
856 2839 1060 2903 abducendus
1080 2858 1115 2900 cs
1131 2835 1165 2900 iu

141 2960 260 3007 eneam
285 2940 439 3024 aliquam,
470 2951 501 3004 et
520 2942 756 3005 subterraneam
786 2943 936 3017 domum,
971 2938 1029 3002 ubi
1048 2950 1164 3002 tenen

143 3042 307 3123 contingat
330 3041 413 3105 illius
437 3041 512 3104 solis
532 3044 654 3116 lumen,
694 3042 749 3127 qni
773 3063 808 3104 se
834 3044 896 3105 tuis
920 3039 1164 3105 sceleratissimis

145 3140 316 3204 sceleribus
341 3141 442 3222 pollui
462 3152 567 3222 putat,
594 3143 649 3204 ubi
672 3142 750 3216 situ,
777 3163 814 3204 ao
833 3143 961 3223 predere
979 3142 1163 3213 confectus,

143 3240 228 3301 illam
246 3241 337 3304 sitam
347 3242 452 3315 durias,
475 3264 544 3324 quas
559 3241 628 3304 Diis
643 3241 866 3305 immortalibus
880 3239 1006 3312 odiosa,
1026 3241 1163 3300 humano

143 3339 257 3425 generi
272 3342 449 3423 peuriciosa
466 3352 523 3404 est.
556 3342 699 3406 Debetur
713 3345 773 3404 lroc
787 3355 843 3404 oro
856 3338 1024 3421 prolligato
1041 3336 1161 3399 sceleri.

140 3440 288 3505 Debetur
331 3441 426 3522 htrjus
457 3442 591 3503 nationis
627 3441 806 3524 integritati.
867 3439 1012 3504 Debetur
1048 3435 1162 3510 vobis,

143 3542 260 3603 Suevi!
295 3540 411 3624 quibus
436 3541 644 3604 auferendum
672 3553 719 3603 cst
744 3540 818 3615 Μ)
841 3541 1032 3621 probrosum
1052 3548 1162 3618 caput,

145 3642 203 3723 qui
219 3641 416 3705 exonerandi
444 3641 518 3703 estis
545 3640 678 3717 indigno
704 3638 796 3700 rolris
821 3639 918 3719 jugo,
953 3637 1069 3721 quibus
1098 3636 1163 3699 adi-

143 3742 256 3804 menda
278 3753 329 3805 est
360 3743 496 3805 servitus
521 3739 573 3801 isti
598 3738 734 3801 libertati
756 3735 882 3799 minime
909 3737 1024 3800 debita.
1076 3734 1164 3815 Quid

140 3841 348 3925 ingemiscitis
376 3840 534 3923 perculsi?
579 3850 633 3899 aut
661 3836 739 3920 qnid
766 3857 832 3897 non
862 3836 1005 3911 obscuris
1032 3847 1163 3916 emptam

140 3942 320 4005 orationem
342 3940 485 4023 suspiriis
511 3940 707 4020 interpellare
731 3932 886 4017 pergitis?
915 3934 1015 4014 erasi
1041 3956 1101 3995 nos
1121 3934 1163 3993 illi

142 4039 319 4125 equitattun
357 4040 431 4103 elim
463 4038 554 4116 ****)
592 4038 786 4111 miserimus,
829 4054 895 4118 quo
934 4032 1016 4093 illam
1056 4028 1162 4108 potius

141 4140 308 4219 injuriam,
332 4163 435 4227 quarn
460 4138 512 4223 jus
538 4139 700 4223 publicum
727 4146 879 4202 tueretur.
930 4128 1052 4213 Siquis
1071 4150 1163 4191 error

177 4371 209 4439 *)
228 4378 360 4438 audiebat,
385 4379 484 4426 audiret.
521 4370 566 4432 ⁸⁸)
588 4382 697 4435 sanos,
727 4380 812 4425 lassus.
848 4366 914 4436 m)
933 4372 1055 4419 ztslsrlren
1074 4372 1109 4413 est
1128 4391 1162 4401 -

175 4465 334 4521 probrosum:
353 4466 401 4511 doc
419 4464 637 4521 durrlrgestriclren.
672 4454 750 4523 W)
766 4466 825 4509 altos
836 4473 882 4507 vor
891 4458 1022 4505 miserimus
1030 4455 1159 4509 belgoaozt
