2624 5108
520 784 729 886 Capnionia.
744 796 747 801 “

109 986 275 1058 spectantia
293 984 411 1055 turbae,
429 981 570 1054 pulchrae
590 981 647 1052 agit
664 981 729 1053 ipse
746 981 902 1053 quadrigas

107 1081 181 1136 Non
202 1090 301 1132 tamen
323 1093 362 1131 ex
382 1093 472 1143 atrro,
491 1075 590 1130 aolido
611 1091 672 1129 non
694 1089 733 1128 ex
752 1086 898 1142 argento,

109 1173 181 1247 Quo
201 1171 319 1224 vehitur
329 1211 338 1238 ,
357 1186 418 1240 quo
438 1168 537 1223 victor
555 1176 647 1235 ovat,
664 1184 721 1237 qua
740 1167 821 1220 moic
839 1166 1020 1238 triumphat,

110 1265 246 1318 Cedrinae
261 1264 393 1332 junxere
411 1262 534 1328 trabes,
553 1270 584 1315 et
600 1261 697 1329 uivida
715 1260 788 1314 buxi

108 1357 255 1422 Robora,
270 1357 463 1428 juniperiquc
480 1354 584 1422 leves,
605 1365 633 1408 et
651 1354 761 1408 vimina
779 1354 924 1426 Daphnea

107 1455 148 1506 At
169 1451 274 1503 lolium
293 1460 403 1504 teretes
420 1450 540 1503 hederae
559 1447 771 1518 complectitur
789 1464 883 1516 exea,

107 1543 204 1598 l'estit
223 1544 301 1597 idem
319 1545 440 1611 radius,
459 1553 488 1599 at
504 1552 663 1599 curvatura
681 1555 818 1613 supernae

111 1637 214 1691 Cincta
234 1646 307 1691 rotaa
325 1636 435 1704 violis,
456 1645 485 1691 et
502 1653 580 1692 rona
601 1637 709 1690 innexa
728 1635 844 1691 marino

108 1731 144 1786 In
163 1739 288 1800 totoque
307 1746 405 1796 rosae,
426 1730 456 1784 in
475 1738 540 1785 toto
559 1739 628 1785 etant
647 1730 706 1785 lilia
725 1744 829 1784 curru.

108 1821 326 1893 Pulegiumque
345 1824 463 1891 virens,
484 1832 513 1877 et
531 1823 627 1877 odore
646 1823 779 1891 gramina
798 1822 955 1891 Minthcu,

108 1917 147 1972 Et
167 1926 281 1986 myrtus
300 1916 430 1984 Veneri,
449 1926 479 1970 et
498 1915 617 1972 Phoebo
635 1931 762 1974 nascent
780 1917 960 1989 hyacinthus

111 2009 266 2080 Salivaque
285 2020 314 2063 et
331 2001 420 2064 nullis
439 2009 574 2067 obnoxia
592 2014 657 2067 ruta
675 2012 809 2069 venenis.
887 2029 889 2033 ’

109 2103 151 2161 Et
170 2103 301 2157 saliunca
320 2119 448 2172 recens,
467 2111 498 2160 et
516 2121 671 2162 amaracus
692 2106 808 2161 additur
826 2104 912 2175 tatto.

108 2199 228 2252 Aureus
248 2195 405 2252 abrothaui
425 2198 480 2254 iios
491 2238 501 2267 ,
522 2200 712 2272 hysopplque
729 2197 853 2254 virentia

110 2289 270 2357 Germeu,
289 2299 318 2344 et
337 2306 376 2344 ex
394 2290 476 2346 omui
495 2293 637 2371 quicquid
655 2291 865 2363 congessimus
882 2290 978 2344 horto
989 2326 999 2356 ,

110 2379 310 2451 Frondentie,
329 2385 378 2438 vei
399 2385 557 2441 odoriferi.
593 2387 654 2442 Stat
669 2385 773 2441 florida
792 2385 899 2450 seder,

110 2473 262 2533 Floridior
280 2479 364 2532 sedet
383 2478 446 2548 ipsc
465 2493 577 2550 super,
596 2481 643 2535 cui
664 2479 759 2552 prima
778 2483 920 2553 venustas

109 2571 149 2626 Et
168 2572 281 2641 primus
300 2572 396 2626 decor
416 2579 480 2639 eet,
500 2571 627 2627 albentia
644 2580 782 2642 tempora
804 2569 904 2637 cunia,

112 2664 187 2738 Quae
211 2666 338 2719 mixtum
360 2680 447 2719 nexae
465 2664 611 2735 lauroque
628 2665 801 2736 hederaque
821 2679 946 2745 coroner

111 2758 323 2826 circumdant,
345 2758 494 2830 capitique
514 2757 603 2812 inatat
619 2758 746 2812 victoria
765 2757 900 2830 duplex,

110 2852 229 2906 Dextra
248 2853 381 2907 Oculare
400 2867 507 2906 manua
524 2852 683 2922 speculum
700 2859 793 2906 tenet.
830 2849 912 2905 illiue
934 2865 1007 2918 crgo

111 2944 235 2999 Nornru
254 2945 333 2998 enim
353 2944 421 2998 libri
440 2953 500 3011 eat,
520 2945 628 2999 iratres
648 2945 678 2998 in
696 2942 775 2999 bella
795 2943 911 3010 eoacti,

110 3039 209 3103 Atque
229 3037 312 3089 Ubiae
331 3038 436 3091 schola
455 3039 550 3106 gentis
568 3047 653 3105 erat,
671 3036 768 3107 rapuit
786 3036 873 3090 vater
891 3051 994 3091 ansam

112 3127 229 3196 verpus
247 3127 285 3178 ab
302 3129 384 3194 hoc,
402 3130 623 3203 monachisque
640 3130 741 3197 dedit,
760 3128 842 3199 quod
860 3126 981 3183 turbiue
999 3135 1085 3185 mota

111 3219 255 3273 imbelles
275 3235 384 3272 acuere
403 3220 480 3288 irae,
497 3221 570 3276 hinc
588 3223 637 3278 illa
657 3230 781 3294 repente

111 3314 144 3367 ln
165 3313 319 3383 Cupnioue
338 3311 393 3366 viri
413 3314 540 3369 conflata
558 3324 603 3370 eat
622 3317 731 3383 iactio,
749 3316 830 3371 livor

111 3408 188 3461 lliuc
207 3422 299 3473 vagus
319 3407 461 3474 emeruit,
481 3417 590 3478 preater
607 3409 657 3480 qui
677 3409 834 3465 Teutonaa
850 3408 965 3476 urbes,

109 3501 149 3555 Et
167 3501 287 3554 doctam
309 3500 440 3568 ltaliam,
459 3511 488 3555 et
506 3502 612 3558 tuscos
635 3501 775 3573 impleret
793 3502 902 3558 iberos
913 3544 922 3571 ,

109 3594 290 3660 Pannonas,
309 3602 338 3646 et
354 3593 503 3664 populos,
521 3611 600 3667 quoa
618 3594 773 3648 Rhnticue
792 3595 874 3650 alluit
892 3597 989 3661 ister,

111 3687 254 3759 Quotque
273 3696 356 3741 secat
377 3687 559 3755 Rhodanus,
578 3695 653 3759 quot
671 3684 792 3740 inundat
809 3687 945 3758 Sequana
963 3696 1066 3760 genter
1106 3698 1110 3707 ’

111 3780 247 3853 Quaeque
267 3780 449 3851 Calydoniot
466 3779 634 3852 penetravst
649 3777 738 3834 turba
756 3779 936 3848 Britannotr,

110 3873 167 3927 iiic
187 3874 265 3927 liber
283 3883 346 3942 eat,
366 3870 454 3946 atquo
472 3873 534 3929 hoe
553 3873 688 3943 congesti
707 3871 822 3941 insigne
841 3872 948 3942 duelli,

109 3965 226 4021 Notum
244 3967 330 4021 laude
351 3983 420 4035 aua,
440 3967 612 4040 quodcum
634 3965 808 4039 phanatieua
828 3963 885 4031 igni

108 4060 215 4114 Ferret
234 4061 447 4130 llogostrutua,
470 4061 606 4133 Capnion
623 4059 748 4115 victrice
766 4057 909 4113 Minerva

110 4153 246 4222 Eripuit,
265 4163 421 4225 tutumque
440 4163 538 4223 teuet,
556 4170 737 4229 semperque
755 4151 869 4214 tenebit

111 4244 222 4311 Ingenii
242 4247 426 4300 monimenta
445 4248 509 4314 sui,
527 4248 714 4303 monimenta
732 4247 848 4319 pericli.

111 4335 200 4389 Laeva
219 4338 293 4403 gerit
311 4348 438 4392 teretem
457 4340 574 4394 victrici
593 4356 633 4394 ex
651 4340 762 4395 arbore
784 4357 920 4408 ramum,

112 4429 263 4484 Caesareas
282 4431 394 4502 aquilae
412 4432 524 4488 thorax
540 4433 676 4489 victricio
693 4434 776 4504 signa
