2624 5108
505 864 634 939 Oratio
662 868 813 957 Quarta.
1099 875 1170 991 357
1270 840 1275 849 Ι

150 1052 251 1115 lacis?
292 1054 373 1133 Quis
392 1074 472 1123 vero
503 1052 624 1119 aridiuit·
645 1057 736 1120 talia?
774 1060 842 1121 Aul
868 1058 923 1123 ubi
942 1066 1095 1127 terrarum
1116 1063 1169 1127 ille

142 1166 189 1217 est
211 1176 283 1221 mos
303 1156 456 1235 puniendi
477 1158 655 1221 nocentes?
688 1160 845 1221 Nonne
821 1181 867 1223 sic
884 1160 1072 1243 gladiatores
1093 1162 1169 1230 olim

144 1257 299 1321 committi
319 1256 491 1321 solebant?
519 1260 570 1319 'lu
588 1270 709 1335 autem,
730 1258 758 1323 si
777 1261 891 1341 punire
911 1263 959 1325 uis
978 1262 1167 1339 sceleratos,

142 1357 225 1439 quid
244 1368 303 1425 ιιιο
328 1358 359 1419 id
383 1358 526 1438 periculo
546 1358 618 1425 neri
633 1380 714 1441 opus
731 1362 801 1425 est?
838 1362 908 1427 Jam
925 1362 1061 1444 quod
1034 1383 1095 1433 ars,
1128 1366 1168 1427 ad

143 1457 281 1519 sormam
291 1456 400 1533 judieii
414 1459 603 1537 Scientium,
622 1480 730 1523 noune
739 1461 889 1576 prodigio
901 1462 1087 1525 simillimum
1098 1464 1168 1527 cst?

147 1558 230 1643 Quis
236 1556 432 1641 scientium
423 1572 464 1645 ιιι
461 1558 651 1651 judicavit?
669 1566 711 1625 Et
723 1562 829 1627 virum
838 1564 978 1627 nobilem
994 1562 1173 1663 judicavit?

142 1661 258 1727 Αιιι
230 1681 260 1723 si
280 1661 342 1721 tale
357 1658 430 1723 illud
446 1659 597 1742 judicium
616 1674 721 1740 esset,
750 1666 822 1747 quis
836 1666 1005 1729 ferendum
1019 1664 1168 1781 putaret?

141 1760 311 1827 Proinde
300 1759 392 1825 inscii
402 1761 449 1825 sui
456 1760 536 1839 juris
545 1774 617 1825 sunt
625 1762 677 1826 isti
680 1764 850 1841 Seieutes‚
870 1765 897 1827 si
907 1778 938 1827 te
948 1788 1014 1830 non
1026 1767 1058 1831 in
1067 1768 1169 1831 frusta

142 1865 345 1945 discerpunt,
365 1873 505 1927 veterem
514 1884 564 1926 sus
555 1862 703 1939 instituti
713 1868 910 1931 autoritatem
917 1868 1059 1931 facinore
1068 1868 1166 1947 lodo,

143 1988 180 2029 ac
192 1963 371 2029 detestabili
386 1964 658 2029 contaminantem.
698 1968 751 2029 Τιι
766 1968 810 2031 ob
824 1966 857 2031 id
872 1968 975 2033 acrius
988 1969 1169 2051 puniendus

142 2067 254 2141 venis,
292 2066 348 2150 qui
374 2064 436 2129 tuis
467 2066 610 2145 pessimis
646 2068 817 2131 sceleribus
852 2080 1030 2133 secretarum
1060 2073 1169 2151 legum

141 2167 281 2259 qreciem
308 2164 488 2249 protendis.
532 2169 575 2229 Et
595 2169 659 2232 hec
690 2178 744 2231 ιιιιι
767 2181 816 2233 est
834 2170 957 2245 sabula,
998 2172 1169 2253 qtiamdum

142 2268 314 2355 proponis,
332 2290 401 2331 rem
420 2278 452 2331 te
469 2278 588 2351 gestam
605 2288 769 2349 exponere
785 2268 881 2346 dieis,
902 2281 934 2331 et
951 2268 1042 2351 quasi
1062 2269 1169 2338 omnia

144 2370 304 2431 inuertere
324 2366 383 2431 tibi
406 2368 512 2445 liceat,
538 2369 635 2431 sicin
653 2392 689 2433 re
707 2368 853 2432 omnibus
876 2378 952 2432 nota
969 2369 1168 2432 mendacium

147 2468 262 2553 lingis,
286 2490 322 2531 ac
344 2468 514 2551 insignium
537 2469 681 2533 vironun
699 2469 827 2533 auribus
849 2468 999 2531 abuteris.
1037 2469 1168 2531 Interim

149 2568 294 2633 convitiis
317 2590 449 2655 quoque
473 2571 507 2632 in
526 2591 586 2632 nos
603 2569 821 2643 debaccharis,
850 2578 882 2640 et
905 2567 978 2631 huic
994 2568 1167 2631 Ludovico

147 2670 279 2753 objicis,
306 2672 395 2755 qnod
418 2670 558 2754 equitem
576 2670 767 2731 Germanum
788 2666 949 2731 occiderit.
989 2671 1060 2750 Qua
1080 2668 1113 2732 in
1129 2688 1167 2731 re

146 2772 253 2857 siquid
270 2770 415 2835 'cmmirris
438 2782 501 2847 cst,
539 2792 597 2833 cur
622 2769 656 2831 in
682 2773 765 2833 Ιιιιιιιι
789 2789 893 2853 usque
915 2769 999 2833 diem
1019 2790 1061 2831 ex
1085 2766 1167 2833 illius

145 2872 439 2957 consanguinitate,
482 2892 551 2954 que
580 2882 628 2933 est
660 2870 840 2951 splendida,
878 2883 973 2954 atquc
999 2868 1166 2951 opidenta,

142 2994 239 3037 nemo
262 2982 426 3037 accusator
452 2971 600 3033 inventus
621 2984 686 3048 est,
718 2992 812 3034 nemo
838 2982 874 3033 ut
888 2970 1093 3035 homicidium
1109 2970 1167 3033 ob·

144 3072 244 3149 jecit?
290 3076 375 3137 Nolo
402 3080 475 3135 taos
505 3070 664 3152 pessimos
692 3072 828 3134 imitatus
856 3092 983 3147 mores,
1020 3070 1168 3150 injuriam

145 3186 276 3238 mortuo
299 3175 425 3249 lacere,
464 3174 525 3235 hoc
550 3184 652 3233 tamen
683 3170 789 3234 dicia
818 3194 869 3234 me
897 3172 974 3234 nibil
1002 3171 1167 3251 prohibet,

148 3286 263 3339 contra
289 3274 356 3337 irati
380 3272 515 3336 hominis
538 3271 737 3347 violentiam,
767 3274 854 3335 nullo
874 3268 1075 3335 interimendi
1092 3290 1168 3349 pro·

146 3376 257 3459 posito
274 3376 356 3438 bime
375 3396 410 3439 se
433 3372 625 3437 ‹bisuldine-
663 3372 726 3436 Ubi
745 3371 773 3435 si
789 3372 868 3455 quid
884 3371 1025 3455 asperius
1044 3368 1167 3444 accidit,

147 3502 242 3565 (pram
266 3478 317 3541 lric
340 3478 486 3551 uolebat,
525 3472 558 3535 in
575 3493 616 3537 eo
633 3475 725 3553 culpa
741 3472 875 3550 residet,
896 3473 951 3557 qui
967 3471 1169 3535 occasionem

146 3580 301 3663 prebuit,
321 3600 388 3641 non
406 3576 463 3661 qui
479 3574 664 3639 necessitate
683 3575 863 3653 compulsus
880 3584 945 3649 est,
964 3574 1011 3636 uti
1026 3572 1167 3645 lornant.

151 3680 242 3763 'l'u
227 3679 353 3743 minime
384 3676 574 3751 audiendus,
618 3674 673 3757 qui
697 3672 775 3734 illud
800 3672 892 3733 uobis
918 3673 1043 3751 adimis,
1079 3674 1169 3757 quod

148 3782 237 3865 leges
258 3800 388 3865 quotpre
416 3776 612 3850 concedunt,
641 3785 677 3836 ut
700 3774 765 3833 vim
789 3771 824 3833 vi
847 3776 1077 3851 propulsemus.
1124 3774 1170 3837 At

150 3880 376 3965 ingratitudine
406 3890 461 3940 tua
490 3876 569 3961 quid
602 3885 706 3955 potest
738 3890 807 3935 esse
834 3869 1025 3953 flagitiosum
1051 3873 1168 3955 magis,

149 3980 282 4065 quando
304 3982 416 4045 decem
438 3977 532 4041 millia
557 3995 727 4039 aureorum
759 3981 870 4035 mutuo
897 3969 955 4031 tibi
981 3972 1073 4045 data,
1102 3992 1170 4034 noa

147 4103 220 4147 esse
244 4080 436 4145 beneficium
466 4078 534 4142 ais?
568 4078 622 4141 Αιι
648 4075 837 4139 beneficium
865 4092 932 4133 non
963 4080 1028 4145 est,
1063 4069 1171 4151 siquid

147 4182 285 4267 juvandi
307 4182 412 4245 animo
438 4178 604 4241 confertur
627 4176 661 4239 in
674 4250 677 4255 ,
691 4172 904 4260 quemquam?
940 4172 1007 4235 Αιιι
1035 4190 1101 4233 non
1120 4170 1171 4233 illa

148 4287 263 4349 decem
277 4282 372 4345 millia
387 4292 464 4343 tunc
482 4279 570 4341 dedit
585 4276 817 4341 liberalissimus
840 4296 956 4349 senex,
985 4271 1113 4356 aptando
1134 4282 1171 4335 tu

148 4390 182 4451 iu
207 4404 330 4450 summa
355 4392 511 4465 egestate,
545 4398 618 4442 oum
643 4390 784 4440 extrema
803 4376 933 4439 fortuna
957 4386 1073 4447 stares,
1104 4392 1171 4433 non

147 4488 306 4561 habebas,
322 4504 389 4567 quo
402 4493 432 4543 te
442 4480 562 4554 multis,
577 4501 612 4543 ac
624 4475 982 4560 praesentibuspericulis
993 4470 1170 4537 eximeres?
