2624 5108
548 782 587 858 in
612 786 762 861 Tuscos.
1098 794 1164 870 tat

141 1000 255 1065 magna
272 1001 347 1062 spe,
381 998 498 1062 magno
518 978 640 1057 animo,
668 979 702 1042 in
721 982 867 1065 gentibus
887 982 964 1049 actis
984 982 1170 1065 delectibus,

146 1079 413 1146 numerosissimis
433 1079 619 1162 conscriptis
640 1078 757 1160 copiis,
783 1081 900 1146 bellum
919 1085 952 1147 in
971 1106 1048 1161 nos,
1076 1091 1170 1169 quale

144 1202 309 1264 nunquam
328 1180 432 1263 prius,
453 1192 551 1261 parat.
591 1182 634 1242 Et
652 1180 707 1242 ubi
726 1182 837 1261 parat?
863 1206 929 1246 non
949 1180 982 1246 in
1001 1188 1077 1250 Asia
1095 1188 1169 1268 jam,

144 1293 198 1345 aut
219 1281 252 1344 in
271 1304 329 1345 sua
347 1282 409 1344 illic
429 1281 589 1357 barbaria,
620 1300 691 1341 nam
712 1283 905 1364 quodfacto
926 1285 969 1347 ibi
991 1307 1071 1368 opus
1092 1303 1171 1367 erat,

145 1385 245 1446 multo
273 1394 368 1459 ante,
401 1401 496 1465 quam
527 1383 568 1444 ad
598 1398 655 1445 uos
685 1382 769 1445 fama
797 1386 999 1463 perveniret,
1038 1391 1173 1453 ornarit.

145 1485 210 1548 Sed
225 1504 299 1546 cum
315 1483 465 1547 universa
480 1482 643 1546 nobilitate
660 1502 697 1544 ae
716 1483 838 1564 imperii
855 1488 1061 1565 proceribus,
1083 1488 1173 1553 Con·

146 1582 381 1664 stantinopolim
407 1585 448 1646 ad
471 1605 531 1646 nos
556 1583 746 1661 transmisit,
774 1584 831 1647 ubi
849 1607 950 1663 anna,
978 1588 1072 1672 eqni,
1100 1591 1172 1667 viri,

146 1703 259 1754 currus
279 1704 316 1746 ac
348 1684 496 1747 machine
520 1682 729 1747 instruuntur.
767 1685 875 1768 Atque
900 1688 966 1750 brec
991 1690 1031 1751 ad
1057 1690 1174 1755 bollum

146 1795 232 1848 terra
269 1786 457 1869 gerendum.
507 1786 587 1848 Nam
622 1783 831 1862 validissima,
877 1807 914 1848 ac
949 1811 1044 1869 snpra
1079 1812 1174 1876 qnam

147 1906 278 1951 necesse
310 1896 380 1963 est,
416 1884 535 1948 munita
561 1884 689 1961 classis,
730 1908 800 1970 que
829 1890 923 1968 paulo
953 1902 1026 1971 post
1056 1893 1176 1956 ltaliam

147 1989 291 2062 invadat,
324 1986 455 2051 lonium
481 2006 566 2050 mare
593 1986 803 2067 perambulat,
834 2006 872 2050 ac
891 1989 931 2051 ad
951 1989 1050 2070 ipsam
1070 2015 1175 2077 usque

147 2088 282 2154 Siciliam
297 2086 511 2177 etAppuliam
528 2088 623 2151 audet
642 2087 805 2168 expoliari.
845 2090 953 2151 Altera
973 2092 1057 2170 apud
1073 2090 1176 2157 Thra.

146 2211 199 2253 ces
219 2188 408 2267 coniicitur,
440 2208 510 2275 quas
532 2187 658 2252 Greeiae
685 2187 790 2251 littora
813 2199 956 2264 tueatur,
987 2191 1084 2251 ethis
1104 2213 1175 2273 quas

146 2290 225 2353 mari
251 2289 392 2370 possidet
419 2288 538 2364 bostis,
571 2286 718 2369 praesidio
747 2301 880 2352 maneat.
934 2289 1111 2352 Hominum
1140 2291 1175 2354 in

147 2389 240 2454 armis
262 2410 332 2454 esse
349 2390 499 2455 seruntur
518 2386 713 2452 adducente
732 2389 842 2463 millia,
863 2408 931 2449 non
949 2389 1176 2454 contemnendi

147 2511 205 2573 per
222 2488 381 2557 Christum
399 2492 531 2566 milites,
550 2510 617 2552 non
632 2489 759 2571 penitus
777 2486 919 2550 derelicti
933 2508 951 2549 a
967 2488 1086 2552 virtute
1104 2492 1176 2555 riri.

149 2593 239 2675 Quos
256 2590 283 2655 si
303 2595 387 2656 nulla
406 2612 463 2654 sua
482 2602 610 2665 natura,
640 2590 724 2651 nulla
743 2585 825 2650 inter
844 2586 1012 2653 bellicosos
1031 2588 1177 2655 homines

147 2693 342 2769 assuetudo,
368 2691 410 2757 ad
433 2687 559 2754 lortiter
585 2687 704 2771 aliquid
728 2689 886 2769 agendum
912 2688 1089 2773 instigaret,
1124 2692 1178 2754 vel

146 2784 197 2857 ills
219 2805 281 2855 tam
304 2789 466 2876 speciosa,
501 2791 552 2852 illa
574 2800 639 2855 tam
663 2786 804 2850 omniurn
824 2792 1006 2854 seculorum
1023 2790 1178 2855 memoria

147 2892 242 2976 digna
274 2890 408 2955 victoria
438 2890 602 2956 excitaret.
653 2884 708 2951 Illa
735 2885 848 2969 ingens
878 2890 961 2953 bello
994 2892 1177 2957 Sulthanieo

147 3005 237 3074 parta
263 2992 383 3075 gloria,
409 2990 449 3055 ad
472 2989 594 3075 aliquid
617 2989 749 3052 ulterius
778 2991 908 3073 egregie
928 2992 1107 3053 conandum
1126 2992 1176 3053 in·

147 3094 329 3155 flammaret.
368 3094 410 3153 Et
428 3092 490 3172 jam
511 3087 709 3153 incursiones
729 3090 809 3153 liunt
823 3086 858 3152 ln
878 3090 1054 3170 Illyricum,
1076 3088 1176 3155 hostis

147 3192 182 3255 in
201 3200 405 3273 prospectum
422 3210 524 3273 usque
541 3190 769 3271 Hungarorum
786 3189 926 3254 accessit.
963 3189 1011 3253 Ita
1027 3189 1091 3269 jam
1108 3204 1178 3255 nort

147 3303 236 3374 parat
265 3291 397 3367 bellum,
430 3290 487 3355 sed
517 3288 681 3350 manifeste
712 3286 806 3373 gerit.
857 3290 996 3353 Tantum
1024 3290 1114 3355 abest
1139 3298 1177 3357 ut
1252 3348 1263 3369 ,,

148 3393 289 3467 Turcas,
325 3412 406 3474 quos
431 3393 527 3470 paulo
554 3402 625 3452 ante
652 3388 875 3473 ignorabamus
901 3392 1030 3455 ubinam
1056 3402 1176 3462 essent.
1264 3444 1267 3449 .

148 3514 185 3556 ac
199 3504 296 3557 totum
310 3489 384 3555 belli
401 3491 516 3552 molem
537 3488 571 3553 in
589 3487 789 3555 Germaniam
805 3493 1004 3573 accipiamus.
1036 3490 1177 3556 Creditis

148 3592 290 3657 enimin
319 3593 377 3656 bae
401 3591 531 3654 fortuna
557 3591 756 3675 quieturum,
787 3590 821 3654 in
847 3593 908 3655 boe
934 3594 1089 3656 felicitatis
1111 3614 1177 3656 sure

148 3715 246 3758 cursu
274 3703 483 3767 cessaturum,
516 3690 573 3774 qui
596 3688 688 3754 nullis
713 3708 855 3773 unquam
879 3691 1054 3775 tranquillis
1078 3693 1176 3757 rebus

152 3794 319 3878 quiescere
348 3790 485 3857 didicit?
519 3786 601 3853 intra
628 3790 744 3852 nullam
775 3810 915 3872 sintprsm
944 3791 1106 3854 fortunam
1139 3806 1177 3852 sa

150 3893 329 3958 continuit?
367 3890 431 3958 Cui
455 3888 557 3957 omnis
583 3886 696 3955 odiosa
721 3887 866 3953 remissio
896 3891 966 3953 sat?
1004 3888 1109 3971 Cujus
1135 3908 1178 3955 tta

148 4004 345 4071 catastam,
377 4002 413 4056 ut
431 3993 466 4056 in
484 4010 594 4056 omnes
615 3987 798 4055 ooeasiones
818 3988 976 4067 intentus,
1010 3991 1177 4057 sumnum

150 4095 251 4180 quieti
265 4094 428 4177 preferat,
446 4113 523 4175 pace
539 4089 656 4159 bellurn
668 4084 774 4172 potius
788 4088 903 4154 ducat?
931 4091 974 4153 Et
986 4108 1028 4155 ne
1046 4090 1174 4173 penitus

149 4195 303 4279 ignoretis
314 4195 451 4270 Tureas,
471 4193 511 4255 ab
529 4190 661 4275 antiquo
675 4192 764 4274 genti
775 4190 975 4256 consuetudo
991 4202 1055 4269 est,
1075 4192 1173 4257 labo·

148 4295 238 4358 ciniis
273 4316 310 4358 ac
341 4294 451 4375 rapina
481 4288 578 4355 vitant
603 4292 753 4356 tolerare.
809 4295 957 4374 Quorum
988 4292 1115 4358 occasio
1146 4293 1174 4356 si

149 4395 296 4475 deesset,
321 4394 462 4461 inieras
489 4392 711 4477 grassabatur,
742 4393 907 4458 venationi
932 4412 1063 4476 operam
1083 4394 1173 4459 durs.

180 4530 249 4584 wusn
266 4532 313 4593 op.
326 4532 355 4581 r.
373 4530 406 4583 n.
769 4506 814 4572 31
